@article{
ozdemir97,
   Author = {\"Ozdemir, \"O. and Dunlop, D. J.},
   Journal = {J. Geophys. Res},
   Volume = {102},
   Pages = {20211-20224},
   Year = {1997} }



@article{
ozdemir93,
   Author = {\"Ozdemir, O. and Dunlop, D. J. and Moskowitz, B. M.},
   Title = {The effect of oxidation on the Verwey transition in magnetite},
   Journal = {Geophys. Res. Lett.},
   Volume = {20},
   Pages = {1671--1674},
   Year = {1993} }



@article{
ozdemir95,
   Author = {\"Ozdemir, \"O. and Xu, S. and Dunlop, D. J.},
   Title = {Closure domains in magnetite},
   Journal = {J. Geophys.  Res.},
   Volume = {100},
   Pages = {2193-2209},
   Year = {1995} }



@book{
abramowitz70,
   Editor = {Abramowitz, M. and Stegun, I. A.},
   Title = {Handbook of Mathematical Functions},
   Publisher = {National Bureau of Standards},
   Address = {Washington, DC.},
   Volume = {55},
  Series = {Applied Mathematics Series},
   Year = {1970} }



@article{
aitken81,
   Author = {Aitken, M.J. and Alcock, P.A. and G.D., Bussel. and Shaw, C.J.},
   Title = {Archaeomagnetic determination of the past geomagnetic intensity using ancient ceramics: allowance for anisotropy},
   Journal = {Archaeometry},
   Volume = {23},
   Pages = {53-64},
   Year = {1981} }



@article{
aitken88,
   Author = {Aitken, M. J. and Allsop, A. L. and Bussell, G. D. and Winter, M. B.},
   Title = {Determination of the intensity of the Earth's magnetic field during archeological times: reliability of the Thellier technique},
   Journal = {Rev. Geophys.},
   Volume = {26},
   Pages = {3--12},
   Year = {1988} }



@article{
alvarez77,
   Author = {Alvarez, W. and Arthur, M. A. and Fischer, A. G. and Lowrie, W. and Napoleone, G. and Premoli-Silva, I. and Roggenthen, W. M.},
   Title = {Type section for the Late Cretaceous-Paleocene reversal time scale},
   Journal = {Geol. Soc. Amer. Bull.},
   Volume = {88},
   Pages = {383-389},
   Year = {1977} }



@article{
anonymous79,
   Author = {Anonymous},
   Title = {Magnetostratigraphic polarity units- a supplementary chapter of the {ISSC}
International stratigraphic guide},
   Journal = {Geology},
   Volume = {7},
   Pages = {578--583},
   Year = {1979} }



@article{
anson87,
   Author = {Anson, G. L. and Kodama, K. P.},
   Title = {Compaction-induced inclination shallowing of the post-depositional remanent
magnetization in a synthetic sediment},
   Journal = {Geophys. J. R. astr. Soc.},
   Volume = {88},
   Pages = {673--692},
   Year = {1987} }



@article{
aurnou03,
   Author = {Aurnou, J. and Andreadis, S. and Zhu, L. and Olson, P.},
   Title = {Experiments on convection in Earth's core tangent cylinder},
   Journal = {Earth Planet. Sci. Lett.},
   Volume = {212},
   Number = {1-2},
   Pages = {119-134},
   Year = {2003} }



@book{
backus96,
   Author = {Backus, G. and Parker, R. L. and Constable, C.},
   Title = {Foundations of geomagnetism},
   Publisher = {Cambridge University Press},
   Address = {Cambridge},
   Year = {1996} }



@article{
balsley60,
   Author = {Balsley, J. R. and Buddington, A. F.},
   Title = {Magnetic susceptibility anisotropy and fabric of some Adirondack granites and orthogneisses},
   Journal = {Amer. Jour. Sci.},
   Volume = {258A},
   Pages = {6-20},
   Year = {1960} }



@article{
banerjee71,
   Author = {Banerjee, S. K.},
   Title = {New grain size limits for paleomagnetic stability in hematite},
   Journal = {Nature Phys. Sci.},
   Volume = {232},
   Pages = {15--16},
   Year = {1971} }



@incollection{
banerjee91,
   Author = {Banerjee, S. K.},
   Title = {Magnetic properties of Fe-Ti oxides},
   BookTitle = {Oxide Minerals: Petrologic and Magnetic Significance},
   Editor = {Lindsley, D. H.},
   Series = {Reviews in Mineralogy},
   Publisher = {Mineralogical Society of America},
   Address = {Washington},
   Volume = {25},
   Pages = {107â€“128},
   Year = {1991} }



@article{
banerjee81,
   Author = {Banerjee, S. K. and King, J. and Marvin, J.},
   Title = {A rapid method for magnetic granulometry with applications to environmental studies},
   Journal = {Geophys. Res. Lett.},
   Volume = {8},
   Pages = {333--336},
   Year = {1981} }



@article{
behrensmeyer82,
   Author = {Behrensmeyer, A. K. and Tauxe, L.},
   Title = {Isochronous fluvial systems in Miocene deposits of Northern Pakistan},
   Journal = {Sedimentology},
   Volume = {29},
   Pages = {331--352},
   Year = {1982} }



@article{
benyosef08,
   Author = {Ben-Yosef, E. and Ron, H. and Tauxe, L. and Agnon, A. and Genevey, A. and Levy, T.E. and Avner, U. and Najjar, M.},
   Title = {Application of copper slag in geomagnetic archaeointensity research},
   Journal = {J. Geophys. Res.},
   Volume = {113},
   Pages = {doi:10.1029/2007JB005235},
   Year = {2008} }



@article{
benyosef08b,
   Author = {Ben-Yosef, E. and Tauxe, L. and Ron, H. and Agnon, A. and Avner, U. and Najjar, M. and Levy, T.E.},
   Title = {A new approach for geomagnetic archeointensity research: insights on ancient matellurgy in the Southern Levant},
   Journal = {J. Archaelogical Science},
   Volume = {35},
   Pages = {2863-2879},
   Year = {2008} }



@incollection{
berggren95,
   Author = {Berggren, W.A. and Kent, D.V. and Swisher III, C.C. and Aubry, M.-P.},
   Title = {A Revised Cenozoic Geochronology and Chronostratigraphy},
   BookTitle = {Geochronology Time Scales and global Stratigraphic Correlation},
   Editor = {Berggren, W.A. and Kent, D.V. and Aubry, M.-P. and Hardenbol, J.},
   Publisher = {SEPM},
   Address = {Tulsa, Oklahoma},
   Pages = {129-212},
   Year = {1995} }



@article{
besse02,
   Author = {Besse, J. and Courtillot, V.},
   Title = {Apparent and true polar wander and the geometry of the geomagnetic field over the last 200 Myr},
   Journal = {J. Geophys. Res},
   Volume = {107},
   Pages = {doi:10.1029/2000JB000050},
   Year = {2002} }



@article{
bingham74,
   Author = {Bingham, C.},
   Title = {An antipodally symmetric distribution on the sphere},
   Journal = {Ann. Statist.},
   Volume = {2},
   Pages = {1201-1225},
   Year = {1974} }



@article{
bitter31,
   Author = {Bitter, F.},
   Title = {On inhomogeneities in the magnetization of ferromagnetic materials},
   Journal = {Phys. Rev.},
   Volume = {38},
   Pages = {1903-1905},
   Year = {1931} }



@article{
bohnel03,
   Author = {Bohnel, H. and Biggin, A. J. and Walton, D. and Shaw, J. and Share, J. A.},
   Title = {Microwave palaeointensities from a recent Mexican lava flow, baked sediments and reheated pottery},
   Journal = {Earth and Planetary Science Letters},
   Volume = {214},
   Number = {1-2},
   Pages = {221-236},
   Year = {2003} }



@article{
bolshakov79,
   Author = {Bol'shakov, A.S. and Shcherbakova, V.V.},
   Title = {A thermomagnetic criterion for determining the domain structure of ferrimagnetics},
   Journal = {Izv. Phys. Solid Earth},
   Volume = {15},
   Pages = {111-117},
   Year = {1979} }



@article{
bonhommet69,
   Author = {Bonhommet, N. and Z\"ahringer, J.},
   Title = {Paleomagnetism and potassium argon age determinations of the Laschamp geomagnetic polarity event},
   Journal = {Earth Planet. Sci. Lett.},
   Volume = {6},
   Pages = {43-46},
   Year = {1969} }



@article{
borradaile88,
   Author = {Borradaile, G. J.},
   Title = {Magnetic susceptibility, petrofabrics and strain},
   Journal = {Tectonophysics},
   Volume = {156},
   Pages = {1--20},
   Year = {1988} }



@book{
borradaile03,
   Author = {Borradaile, G. J.},
   Title = {Statistics of Earth Science Data: Their Distribution in Time, Space, and Orientation},
   Publisher = {Springer},
   Address = {Berlin},
   Year = {2003} }



@article{
box57,
   Author = {Box, G. E. P. and Hunter, J. S.},
   Title = {Multi-factor experimental designs for exploring response surfaces},
   Journal = {Ann. Math. Statist.},
   Volume = {28},
   Pages = {195--241},
   Year = {1957} }



@article{
brunhes06,
   Author = {Brunhes, B.},
   Title = {Recherches sur le direction d'aimantation des roches volcaniques},
   Journal = {J. Phys.},
   Volume = {5},
   Pages = {705-724},
   Year = {1906} }



@article{
bullard65,
   Author = {Bullard, E. C. and Everett, J. E. and Smith, A. G.},
   Title = {A symposium on continential drift - IV. the fit of the continents around the Atlantic},
   Journal = {Phil. Trans. Roy. Soc.},
   Volume = {258},
   Pages = {41-51},
   Year = {1965} }



@article{
busse83,
   Author = {Busse, F.H.},
   Title = {A model of mean zonal flows in the major planets},
   Journal = {Geophys. Astrophys. Fluid Dyn.},
   Volume = { 23},
   Pages = { 153-174},
   Year = {1983} }



@book{
butler92,
   Author = {Butler, R. F.},
   Title = {Paleomagnetism: Magnetic Domains to Geologic Terranes},
   Publisher = {Blackwell Scientific Publications},
   Year = {1992} }



@article{
butler92b,
   Author = {Butler, R. F.},
   Title = {Comment on ``High-latitude paleomagnetic poles from Middle Jurassic plutons and Moat volcanics in New England and the controversy regarding Jurassic {APW} for North America'' by {M}. Van Fossen and {D}.{V}. Kent},
   Journal = {J. Geophys. Res.},
   Volume = {97},
   Pages = {1801--1802},
   Year = {1992} }



@article{
butler75,
   Author = {Butler, R. F. and Banerjee, S. K.},
   Title = {Theoretical single domain grain-size range in magnetite and titanomagnetite},
   Journal = {J. Geophys. Res.},
   Volume = {80},
   Pages = {4049--4058},
   Year = {1975} }



@article{
camps99,
   Author = {Camps, P. and Coe, R. S. and Prevot, M.},
   Title = {Transitional geomagnetic impulse hypothesis: geomagnetic fact or rock magnetic artifact?},
   Journal = {J. Geophys. Res},
   Volume = {104},
   Pages = {17747-17758},
   Year = {1999} }



@article{
cande92,
   Author = {Cande, S. C. and Kent, D. V.},
   Title = {A new geomagnetic polarity time scale for the late Cretaceous and Cenozoic},
   Journal = {J. Geophys. Res.},
   Volume = {97},
   Pages = {13917--13951},
   Year = {1992} }



@article{
cande95,
   Author = {Cande, S. C. and Kent, D. V.},
   Title = {Revised calibration of the geomagnetic polarity timescale for the late Cretaceous and Cenozoic},
   Journal = {J. Geophys. Res},
   Volume = {100},
   Pages = {6093-6095},
   Year = {1995} }



@article{
carterstiglitz02,
   Author = {Carter-Stiglitz, B. and Jackson, M. and Moskowitz, B.},
   Title = {Low-temperature remanence in stable single domain magnetite},
   Journal = {Geophys. Res. Lett},
   Volume = {29},
   Pages = {doi:10.1029/2001GL014197},
   Year = {2002} }



@article{
carterstiglitz06,
   Author = {Carter-Stiglitz, B.S. and Solheid, P.A. and Egli, R. and Chen, A.P.},
   Title = {Tiva Canyon Tuff (II): Near single domain standard reference material available},
   Journal = {The IRM Quarterly},
   Volume = {16},
   Number = {1},
   Pages = {1},
   Year = {2006} }



@article{
cassata08,
   Author = {Cassata, W.S. and Singer, B.S. and Cassidy, J.},
   Title = {Laschamp and Mono Lake geomagnetic excursions recorded in New Zealand},
   Journal = {Earth Planet. Sci. Lett.},
   Volume = {268},
   Pages = {76-88},
   Year = {2008} }



@article{
cassidy06,
   Author = {Cassidy, J.},
   Title = {Geomagnetic excursion captured by multiple volcanoes in a monogenetic field},
   Journal = {Geophys. Res. Lett.},
   Volume = {33},
   Pages = {L1310, doi:10.1029/2006GL027284},
   Year = {2006} }



@article{
channell84,
   Author = {Channell, J. E. J. and Lowrie, W. and Pialli, P. and Venturi, F.},
   Title = {Jurassic magnetostratigraphy from Umbrian (Italian) land sections},
   Journal = {Earth Planet. Sci. Lett.},
   Volume = {68},
   Pages = {309--325},
   Year = {1984} }



@article{
channell92,
   Author = {Channell, J. E. T.},
   Title = {Paleomagnetic data from Umbria (Italy): implications for the rotation of Adria and Mesozoic apparent polar wander paths},
   Journal = {Tectonophysics},
   Volume = {216},
   Pages = {365--378},
   Year = {1992} }



@article{
channell06,
   Author = {Channell, J. E. T.},
   Title = {Late Brunhes polarity excursions (Mono Lake, Laschamp, Iceland Basin and Pringle Falls) recorded at ODP Site 919 (Irminger Basin)},
   Journal = {Earth Planet. Sci. Lett.},
   Volume = {244},
   Pages = {378-393},
   Year = {2006} }



@incollection{
channell95,
   Author = {Channell, J. E. T. and Erba, E. and Nakanishi, M. and Tamaki, K.},
   Title = {Late Jurassic-Early Cretaceous time scales and oceanic magnetic anomaly block models},
   BookTitle = {Geochronology, Time Scales and Stratigraphic Correlation},
   Editor = {Berggren, W. and Kent, D. and Aubry, M. and Hardenbol, J.},
   Publisher = {SEPM Spec. Pub.},
   Volume = {54},
   Pages = {51-64},
   Year = {1995} }



@article{
cisowski81,
   Author = {Cisowski, S.},
   Title = {Interacting vs. non-interacting single domain behavior in natural and synthetic samples},
   Journal = {Phys. Earth Planet. Inter.},
   Volume = {26},
   Pages = {56-62},
   Year = {1981} }



@article{
cisowski90,
   Author = {Cisowski, S. M. and Dunn, J. R. and Fuller, M. and Wasilweski, P. J.},
   Title = {{NRM}:{IRM}(s) demagnetization plots of intrusive rocks and the origin of their {NRM}},
   Journal = {Tectonophysics},
   Volume = {184},
   Pages = {35--54},
   Year = {1990} }



@incollection{
cisowski86,
   Author = {Cisowski, S.M. and Fuller, M.},
   Title = {Lunar paleointensities via the IRM(s) normalization method and the early magnetic history of the moon},
   BookTitle = {The Origin of the Moon},
   Editor = {Hartmann, W.K. and Phillips, R.J. and Taylor, G.J.},
   Publisher = {Lunar and Planetary Science Institute},
   Address = {Houston},
   Pages = {411-424},
   Year = {1986} }



@article{
clement91b,
   Author = {Clement, B. M.},
   Title = {Geographical distribution of transitional {VGP}s: evidence for non-zonal
equatorial symmetry during the Matuyama-Brunhes geomagnetic reversal},
   Journal = {Earth Planet. Sci. Lett.},
   Volume = {104},
   Pages = {48--58},
   Year = {1991} }



@article{
clement04,
   Author = {Clement, B. M.},
   Title = {Dependence of the duration of geomagnetic polarity reversals on site latitude},
   Journal = {Nature},
   Volume = {428},
   Number = {6983},
   Pages = {637-640},
   Year = {2004} }



@article{
clement84,
   Author = {Clement, B. M. and Kent, D. V.},
   Title = {A detailed record of the Lower Jaramillo polarity transition from a southern hemisphere, deep-sea sediment core},
   Journal = {Jour. Geophys. Res.},
   Volume = {89},
   Pages = {1049--1058},
   Year = {1984} }



@article{
clement91,
   Author = {Clement, B. M. and Kent, D. V.},
   Title = {A southern hemishere record of the Matuyama-Brunhes polarity reversal},
   Journal = {Geophys. Res. Lett.},
   Volume = {18},
   Pages = {81--84},
   Year = {1991} }



@article{
coe67,
   Author = {Coe, R. S.},
   Title = {The determination of paleo-intensities of the Earth's magnetic field with emphasis on mechanisms which could cause non-ideal behavior in Thellier's method},
   Journal = {J. Geomag. Geoelectr.},
   Volume = {19},
   Pages = {157--178},
   Year = {1967} }



@article{
coe78,
   Author = {Coe, R. S. and Gromm\'e, S. and Mankinen, E. A.},
   Title = {Geomagnetic paleointensities from radiocarbon-dated lava flows on Hawaii and the question of the Pacific nondipole low},
   Journal = {J. Geophys. Res.},
   Volume = {83},
   Pages = {1740--1756},
   Year = {1978} }



@book{
coffey96,
   Author = {Coffey, W.T. and Kalmykov, Y.P. and Waldron, J.T.},
   Title = {The Langevin Equation with Applications in Physics, Chemistry and Electrical Engineering},
   Publisher = {World Scientific},
   Address = {Singapore},
   Volume = {11},
   Series = {World Scientific Series in Contemporary Chemcical Physics},
   Year = {1996} }



@article{
cogne99,
   Author = {Cogn\'e, J.P. and Halim, N. and Chen, Y. and Courtillot, v.},
   Title = {Resolving the problem of shallow magnetizations of Tertiary age in Asia: insights from paleomagnetic data from the Qiangtang, Kunlun, and Qaidam blocks (Tibet, China), and a new hypothesis},
   Journal = {J. Geophys. Res},
   Volume = {104},
   Pages = {17,715-17,734},
   Year = {1999} }



@article{
collinson65,
   Author = {Collinson, D. W.},
   Title = {{DRM} in sediments},
   Journal = {J. Geophys. Res.},
   Volume = {70},
   Pages = {4663--4668},
   Year = {1965} }



@book{
collinson83,
   Author = {Collinson, D. W.},
   Title = {Methods in Rock Magnetism and Paleomagnetism},
   Publisher = {Chapman and Hall},
   Address = {London},
   Year = {1983} }



@article{
constable90,
   Author = {Constable, C. and Tauxe, L.},
   Title = {The bootstrap for magnetic susceptibility tensors},
   Journal = {J. Geophys. Res.},
   Volume = {95},
   Pages = {8383--8395},
   Year = {1990} }



@incollection{
constable03,
   Author = {Constable, C. G.},
   Title = {Geomagnetic reversals: rates,  timescales, preferred paths, statistical models and simulations},
   BookTitle = {Earth's Core and Lower Mantle},
   Editor = {Jones, C.A. and Soward, A.M. and Zhang, K.},
   Series = {The Fluid Mechanics of Astrophysics and Geophysics},
   Publisher = {Taylor and Francis, London},
   Year = {2003} }



@article{
constable99,
   Author = {Constable, C.G. and Johnson, C.L},
   Title = {Anisotropic paleosecular variation models: implications for geomagnetic field observables},
   Journal = {Phys. Earth Planet. Int.},
   Volume = {115},
   Pages = {35-51},
   Year = {1999} }



@article{
constable00,
   Author = {Constable, C. G. and Johnson, C. L. and Lund, S. P.},
   Title = {Global geomagnetic field models for the past 3000 years: transient or permanent flux lobes?},
   Journal = {Phil Trans Roy Soc London, Series A},
   Volume = {358},
   Number = {1768},
   Pages = {991-1008},
   Year = {2000} }



@article{
constable88,
   Author = {Constable, C.G. and Parker, R. L.},
   Title = {Statistics of the geomagnetic secular variation for the past 5 m.y.},
   Journal = {J. Geophys. Res.},
   Volume = {93},
   Pages = {11569-11581},
   Year = {1988} }



@article{
constable98,
   Author = {Constable, C. G. and Tauxe, L. and Parker, R. L.},
   Title = {Analysis of 11 Myr of geomagnetic intensity variation},
   Journal = {Journal of Geophysical Research-Solid Earth},
   Volume = {103},
   Number = {B8},
   Pages = {17735-17748},
   Year = {1998} }



@article{
cook01,
   Author = {Cook, A.},
   Title = {Edmond Halley and the magnetic field of the Earth},
   Journal = {Notes Rec. R. Soc. Lond.},
   Volume = {55},
   Pages = {473-490},
   Year = {2001} }



@article{
cottrell99,
   Author = {Cottrell, R.D. and Tarduno, J.A.},
   Title = {Geomagnetic paleointensity derived from single plagioclase crystals},
   Journal = {Earth Planet. Sci. Lett.},
   Volume = {169},
   Pages = {1-5},
   Year = {1999} }



@article{
cox69,
   Author = {Cox, A.},
   Title = {Research note: Confidence limits for the precision parameter, K},
   Journal = {Geophys. J. Roy. Astron. Soc},
   Volume = {17},
   Pages = {545-549},
   Year = {1969} }



@article{
cox60,
   Author = {Cox, A and Doell, R.R.},
   Title = {Review of Paleomagnetism},
   Journal = {Geol. Soc. Amer. Bull.},
   Volume = {71},
   Pages = {645-768},
   Year = {1960} }



@article{
cox64,
   Author = {Cox, A. and Doell, R. R. and Dalrymple, G. B.},
   Title = {Reversals of the Earth's magnetic field},
   Journal = {Science},
   Volume = {144},
   Pages = {1537--1543},
   Year = {1964} }



@book{
cox86,
   Author = {Cox, A and Hart, R.B.},
   Title = {Plate Tectonics: How it Works},
   Publisher = {Blackwell Scientific},
   Address = {Oxfort},
   Year = {1986} }



@article{
cox63,
   Author = {Cox, A. V. and Doell, R. R. and Dalrymple, G. B.},
   Title = {Geomagnetic polarity epochs and Pleistocene geochronometry},
   Journal = {Nature},
   Volume = {198},
   Pages = {1049--1051},
   Year = {1963} }



@article{
creer83,
   Author = {Creer, K. M.},
   Title = {Computer synthesis of geomagnetic paleosecular variations},
   Journal = {Nature},
   Volume = {304},
   Pages = {695--699},
   Year = {1983} }



@article{
creer59,
   Author = {Creer, K.M. and Irving, E. and Nairn, A.E.M.},
   Title = {Paleomagnetism of the Great Whin Sill},
   Journal = {Geophys. J. Int.},
   Volume = {2},
   Pages = {306-323},
   Year = {1959} }



@article{
cronin01,
   Author = {Cronin, M. and Tauxe, L. and Constable, C. and Selkin, P. and Pick, T.},
   Title = {Noise in the quiet zone},
   Journal = {Earth Planet. Sci. Lett.},
   Volume = {190},
   Pages = {13-30},
   Year = {2001} }



@book{
cullity72,
   Author = {Cullity, B.D.},
   Title = {Introduction to Magnetic Materials},
   Publisher = {Addison-Wesley Publishing Company},
   Year = {1972} }



@article{
dankers81,
   Author = {Dankers, P. H. M. and Zijderveld, J. D. A.},
   Title = {Alternating field demagnetization of rocks and the problem of gyromagnetic
remanence},
   Journal = {Earth Planet. Sci. Lett.},
   Volume = {53},
   Pages = {89--92},
   Year = {1981} }



@article{
david04,
   Author = {David, P.},
   Title = {Sur la stabilit\'e de la direction d'aimantation dans quelques roches volcaniques},
   Journal = {C. R. Acad Sci. Paris},
   Volume = {138},
   Pages = {41-42},
   Year = {1904} }



@article{
day77,
   Author = {Day, R. and Fuller, M. D. and Schmidt, V. A.},
   Title = {Hysteresis properties of titanomagnetites: grain size and composition dependence},
   Journal = {Phys. Earth Planet. Inter.},
   Volume = {13},
   Pages = {260--266},
   Year = {1977} }



@article{
deamer90,
   Author = {Deamer, G. A. and Kodama, K. P.},
   Title = {Compaction-induced inclination shallowing in synthetic and natural clay-rich sediments},
   Journal = {Jour. Geophys. Res.},
   Volume = {95},
   Pages = {4511--4529},
   Year = {1990} }



@article{
dekkers88,
   Author = {Dekkers, M. J.},
   Title = {Magnetic properties of natural pyrrhotite Part {I}: behaviour of initial
susceptibility and saturation magnetization related rock magnetic parameters
in a grain-size dependent framework},
   Journal = {Phys. Earth Planet. Inter.},
   Volume = {52},
   Pages = {376--393},
   Year = {1988} }



@article{
dekkers89,
   Author = {Dekkers, M. J.},
   Title = {Magnetic properties of natural goethite {I}. Grain size dependence of some
low and high field related rock magnetic parameters measured at room
temperature},
   Journal = {Geophys. Jour.},
   Volume = {97},
   Pages = {323--340},
   Year = {1989} }



@article{
dekkers89b,
   Author = {Dekkers, M. J.},
   Title = {Magnetic properties of natural pyrrhotite. {II}. High and low temperature
behaviors of Jrs and {TRM} as a function of grain size},
   Journal = {Phys. Earth Planet. Inter.},
   Volume = {57},
   Pages = {266--283},
   Year = {1989} }



@article{
dekkers06,
   Author = {Dekkers, M.J. and B\"ohnel, H.},
   Title = {Reliable absolute paleointensities independent of magnetic domain state},
   Journal = {Earth Planet. Sci. Lett.},
   Volume = {248},
   Pages = {508-517},
   Year = {2006} }



@article{
dekkers89c,
   Author = {Dekkers, M. J. and Mattei, J. L. and Fillion, G. and Rochette, P.},
   Title = {Grain-size dependence of the magnetic behavior of pyrrhotite during its low
temperature transition at 34 {K}},
   Journal = {Geophys. Res. Lett.},
   Volume = {16},
   Pages = {855--858},
   Year = {1989} }



@article{
demets94,
   Author = {DeMets, C. and Gordon, R. G. and Argus, D. F. and Stein, S.},
   Title = {Effect of recent revisions to the geomagnetic reversal time scale on estimates of current plate motions},
   Journal = {Geophys. Res. Lett.},
   Volume = {21},
   Pages = {2191--2194},
   Year = {1994} }



@article{
doell66,
   Author = {Doell, R.R. and Dalrymple, G.B.},
   Title = {Geomagnetic polarity epochs: A new polarity event and the age of the Brunhes-Matuyama boundary},
   Journal = {Science},
   Volume = {152},
   Pages = {1060-1061},
   Year = {1966} }



@article{
dunlop02b,
   Author = {Dunlop, D.J.},
   Title = {Theory and application of the Day plot ($M_{rs}/M_s$ versus $H_{cr}/H_c$) 2. Application to data for rocks, sediments, and soils},
   Journal = {J. Geophys. Res},
   Volume = {107},
   Pages = {doi:10.1029/2001JB000487},
   Year = {2002} }



@article{
dunlop02a,
   Author = {Dunlop, D. J.},
   Title = {Theory and application of the Day plot (Mrs/Ms versus Hcr/Hc) 1. Theoretical curves and tests using titanomagnetite data},
   Journal = {J. Geophys. Res.},
   Volume = {107},
   Pages = {doi:10.1029/2001JB000486},
   Year = {2002} }



@book{
dunlop97,
   Author = {Dunlop, D.J. and \"Ozdemir, \"O.},
   Title = {Rock Magnetism: Fundamentals and Frontiers},
   Publisher = {Cambridge University Press},
   Year = {1997} }



@article{
dunlop01,
   Author = {Dunlop, D.J. and \"Ozdemir, \"O.},
   Title = {Beyond N\'eel's theories: thermal demagnetization of narrow-band partial thermoremanent magnetization},
   Journal = {Phys. Earth Planet. Int.},
   Volume = {126},
   Pages = {43-57},
   Year = {2001} }



@article{
dunlop97b,
   Author = {Dunlop, D.J. and Argyle, K.S.},
   Title = {Thermoremanence, anhysteretic remanence and susceptibility of submicron magnetites: Nonlinear field dependence and variation with grain size},
   Journal = {J. Geophys. Res},
   Volume = {102},
   Pages = {20199-20210},
   Year = {1997} }



@article{
dunlop94,
   Author = {Dunlop, D. J. and Xu, S.},
   Title = {Theory of partial thermoremanent magnetization in multidomain grains, 1
Repeated identical barriers to wall motion (single microcoercivity)},
   Journal = {Jour. Geophys. Res.},
   Volume = {99},
   Pages = {9005--9023},
   Year = {1994} }



@article{
dupont-nivet02,
   Author = {Dupont-Nivet, G and Guo, Z and Butler, R.F. and Jia, C.},
   Title = {Discordant paleomagnetic direction in Miocene rocks from the central Tarim Basin: evidence for local deformation and inclination shallowing},
   Journal = {Earth Planet. Sci. Lett.},
   Volume = {199},
   Pages = {473-482},
   Year = {2002} }



@book{
efron82,
   Author = {Efron, B.},
   Title = {The Jackknife, the Bootstrap and Other Resampling Plans},
   Publisher = {Society of Industrial and Applied Mathematics CBMS-NSF Monographs},
   Volume = {38},
   Year = {1982} }



@book{
efron93,
   Author = {Efron, B. and Tibshirani, R.},
   Title = {An Introduction to the Bootstrap},
   Publisher = {Chapman and Hall},
   Address = {New York},
   Volume = {57},
   Series = {Monographs on Statistics and Applied Probability},
   Year = {1993} }



@article{
egli03,
   Author = {Egli, R.},
   Title = {Analysis of the field dependence of remanent magnetization curves},
   Journal = {J. Geophy.  Res.},
   Volume = {108},
   Number = {B2},
   Year = {2003} }



@article{
elsasser58,
   Author = {Elsasser, W.M.},
   Title = {The Earth as a dynamo},
   Journal = {Scientific American},
   Volume = {198},
   Pages = {44-48},
   Year = {1958} }



@article{
evans76,
   Author = {Evans, M.E.},
   Title = {Test of the dipolar natrue of the geomagneitc field throughout Phanerozoic time},
   Journal = {Nature},
   Volume = {262},
   Pages = {676-677},
   Year = {1976} }



@book{
evans03,
   Author = {Evans, M.E. and Heller, F.},
   Title = {Environmental Magnetism: Principles and Applications of Enviromagnetics},
   Publisher = {Academic Press},
   Year = {2003} }



@article{
evans69,
   Author = {Evans, M. E. and McElhinny, M. W.},
   Title = {An investigation of the origin of stable remanence in magnetite-bearing
igneous rocks},
   Journal = {J. Geomag. Geoelectr.},
   Volume = {21},
   Pages = {757--773},
   Year = {1969} }



@book{
evin98,
   Author = {Evin, K. and Lambert, G.-N. and Langou\"et, L. and Lanos, P. and Oberlin, C.},
   Title = {La datation en laboratororie},
   Publisher = {Editions Errance},
   Address = {Paris},
   Year = {1998} }



@article{
fabian03,
   Author = {Fabian, K.},
   Title = {Some additional parameters to estimate domain state from isothermal magnetization measurements},
   Journal = {Earth Planet. Sci. Lett.},
   Volume = {213},
   Number = {3-4},
   Pages = {337-345},
   Year = {2003} }



@article{
fabian96,
   Author = {Fabian, K. and Andreas, K. and Williams, W. and Heider, F. and Leibl, T. and Huber, A.},
   Title = {Three-dimensional micromagnetic calculations for magnetite using FFT},
   Journal = {Geophys. J. Int.},
   Volume = {124},
   Pages = {89-104},
   Year = {1996} }



@article{
fassbinder90,
   Author = {Fassbinder, J.W.E. and Stanjek, H. and Vali, H.},
   Title = {Occurrence of magnetic bacteria in soil},
   Journal = {Nature},
   Volume = {343},
   Pages = {161-163},
   Year = {1990} }



@article{
feinberg05,
   Author = {Feinberg, J.M. and Scott, G.R. and Renne, P.R. and Wenk, H.-R.},
   Title = {Exsolved magnetite inclusions in silicates: Features determining their remanence behavior},
   Journal = {Geology},
   Volume = {33},
   Pages = {513-516: doi: 10.1130/G21290.1},
   Year = {2005} }



@book{
fisher87,
   Author = {Fisher, N. I. and Lewis, T. and Embleton, B. J. J.},
   Title = {Statistical Analysis of Spherical Data},
   Publisher = {Cambridge University Press},
   Address = {Cambridge},
   Year = {1987} }



@article{
fisher53,
   Author = {Fisher, R. A.},
   Title = {Dispersion on a sphere},
   Journal = {Proc. Roy. Soc. London, Ser. A},
   Volume = {217},
   Pages = {295--305},
   Year = {1953} }



@article{
fletcher74,
   Author = {Fletcher, E.J. and O'Reilly, O.},
   Title = {Contribution of Fe$^{2+}$ ions to the magnetocrystalline anisotropy constant K$_1$ of Fe$_{(3-x)}$Ti$_x$O$_4 (0<x<0.1)$},
   Journal = {J. Phys. C: Sol. State Phys.},
   Volume = {7},
   Pages = {171-178},
   Year = {1974} }



@article{
flinn62,
   Author = {Flinn, D.},
   Title = {On folding during three-dimensional progressive deformation},
   Journal = {Geol. Soc. London Quart. Jour.},
   Volume = {118},
   Pages = {385--433},
   Year = {1962} }



@article{
folgheraiter1899,
   Author = {Folgheraiter, G.},
   Title = {Sur les variations s\'eculaires de l'inclinaison magn\'etique dans l'antiquit\'e},
   Journal = {Jour. de Phys.},
   Volume = {5},
   Pages = {660-667},
   Year = {1899} }



@article{
forsythe94,
   Author = {Forsythe, R. and Chisholm, L.},
   Title = {Paleomagnetic and structural contraints on rotations in the North Chilean Coast Ranges},
   Journal = {J. South Amer. Earth Sci.},
   Volume = {7},
   Pages = {279-294},
   Year = {1994} }



@article{
fox80,
   Author = {Fox, J. M. W. and Aitken, M. J.},
   Title = {Cooling-rate dependence of thermoremanent magnetization},
   Journal = {Nature},
   Volume = {283},
   Pages = {462--463},
   Year = {1980} }



@article{
frank00,
   Author = {Frank, M.},
   Title = {Comparison of cosmogenic radionuclide production and geomagnetic field intensity over the last 200,000 years},
   Journal = {Phil Trans. R. Soc. Lond. A},
   Volume = {358},
   Pages = {1089-1107},
   Year = {2000} }



@article{
froelich79,
   Author = {Froelich, P.N. and Klinkhammer, G.P. and Bender, M.L. and Luedtke, N.A. and Heath, G.R. and Cullen, D. and Duauphin, P. and Hammond, D. and Hartman, B. and Maynard, V.},
   Title = {Early oxidation of ogganic matter in pelagic sedimnets of the eastern equatorial Atlantic: Suboxic diagenesis},
   Journal = {Geochemica et Cosmochimica Acta},
   Volume = {43},
   Pages = {1075-1090},
   Year = {1979} }



@incollection{
frost91,
   Author = {Frost, B.R. and Lindsley, D.H.},
   Title = {The occurrence of Fe-Ti oxides in igneous rocks},
   BookTitle = {Oxide Minerals: Petrologic and Magnetic Significance},
   Editor = {Lindsley, D.H.},
   Series = {Reviews in Mineralogy},
   Publisher = {Mineralogical Society of America},
   Volume = {25},
   Pages = {433-486},
   Year = {1991} }



@article{
galbrun85,
   Author = {Galbrun, B.},
   Title = {Magnetostratigraphy of the Berriasian stratotype section (Berrias, France)},
   Journal = {Earth Planet. Sci. Lett.},
   Volume = {74},
   Pages = {130-136},
   Year = {1985} }



@article{
gapeyev88,
   Author = {Gapeyev, A.K. and Tsel'movich, V.A.},
   Title = {Stages of oxidation of titanomagnetite grains in igneous rocks (in Russian)},
   Journal = {Viniti N. Moscow},
   Volume = {1331-B89},
   Pages = {3-8},
   Year = {1988} }



@article{
gee93,
   Author = {Gee, J. and Staudigel, H. and Tauxe, L. and Pick, T. and Gallet, Y.},
   Title = {Magnetization of the La Palma Seamount Series: Implications for Seamount
Paleopoles},
   Journal = {J. Geophys. Res.},
   Volume = {98},
   Pages = {11743--11768},
   Year = {1993} }



@incollection{
gee07,
   Author = {Gee, J. S. and Kent, D. V.},
   Title = {Source of oceanic magnetic anomalies and the geomagetic polarity timescale},
   BookTitle = {Geomagnetism},
   Editor = {Kono, M.},
   Series = {Treatise on Geophysics},
   Publisher = {Elsevier},
   Volume = {5},
   Pages = {455-507},
   Year = {2007} }



@article{
gee08,
   Author = {Gee, J. S. and Tauxe, L. and Constable, C.},
   Title = {AMSSpin - A LabVIEW program for measuring the anisotropy of magnetic susceptibility (AMS) with the Kappabridge KLY-4S},
   Journal = {Geochem. Geophys. Geosyst.},
   Volume = {9},
   Pages = {Q08Y02,doi:10.1029/2008GC001976},
   Year = {2008} }



@article{
genevey03,
   Author = {Genevey, A. and Gallet, Y.},
   Title = {Eight thousand years of geomagnetic field intensity variations in the eastern Mediterranean},
   Journal = {J. Geophys. Res},
   Volume = {108},
   Pages = {doi:10.1029/2001JB001612},
   Year = {2003} }



@article{
genevey08,
   Author = {Genevey, A. and Gallet, Y. and Constable, C. G. and Korte, M. and Hulot, G.},
   Title = {ArcheoInt: An upgraded compilation of geomagnetic field intensity data for the past ten millennia and its application to the recovery of the past dipole moment},
   Journal = {Geochem. Geophys. Geosyst.},
   Volume = {9},
   Pages = {doi:10.1029/2007GC001881},
   Year = {2008} }



@article{
gibbs85,
   Author = {Gibbs, R.},
   Title = {Estuarine flocs: Their size, settling velocity and density},
   Journal = {J. Geophys. Res.},
   Volume = {90},
   Pages = {3249-3251},
   Year = {1985} }



@article{
gilder03,
   Author = {Gilder, S. and Chen, Y. and Cogn\'e, J.P. and Tan, X. and Courtillot, V. and Sun, D. and LI, Y.},
   Title = {Paleomagnetism of Upper Jurassic to Lower Cretaceous volcanic and sedimentary rocks from the western Tarim Basin and implications for inclination shallowing and absolute dating of the M-0 (ISEA?) chron},
   Journal = {Earth Planet. Sci. Lett.},
   Volume = {206},
   Pages = {587-600},
   Year = {2003} }



@article{
gilder01,
   Author = {Gilder, S. and Chen, Y. and Sen, S.},
   Title = {Oligo-Miocene magnetostratigarphy and rock magnetism of the Xishuigou section, Subei (Gansu Province, western China) and implications for shallow inclinations in central Asia},
   Journal = {J. Geophys. Res},
   Volume = {106},
   Pages = {30,505-30,521},
   Year = {2001} }



@article{
gilder93,
   Author = {Gilder, S. A. and Coe, R. S. and Wu, H. and Kuang, G. and Zhao, X. and Wu, Q. and Tang, X.},
   Title = {Cretaceous and Tertiary paleomagnetic results from Southeast China and their
tectonic implications},
   Journal = {Earth Planet. Sci. Lett.},
   Volume = {117},
   Pages = {637--652},
   Year = {1993} }



@article{
glatzmaier99,
   Author = {Glatzmaier, G. A. and Coe, R. S. and Hongre, L. and Roberts, P. H.},
   Title = {The role of the Earth's mantle in controlling the frequency of geomagnetic reversals},
   Journal = {Nature},
   Volume = {401},
   Number = {6756},
   Pages = {885-890},
   Year = {1999} }



@article{
glatzmaier95,
   Author = {Glatzmaier, G.A. and Roberts, P.H.},
   Title = {A three-dimensional self-consistent computer simulation of a geomagnetic field reversal},
   Journal = {Nature},
   Volume = {377},
   Pages = {203-209},
   Year = {1995} }



@article{
glatzmaier96,
   Author = {Glatzmaier, G.A. and Roberts, P.H.},
   Title = {Rotation and magnetism of Earth's inner core},
   Journal = {Science},
   Volume = {274},
   Pages = {1887-1891},
   Year = {1996} }



@book{
glen02,
   Author = {Glen, W.},
   Title = {The Road to Jaramillo},
   Publisher = {Stanford University Press},
   Address = {Stanford},
   Year = {1982} }



@article{
gordon84,
   Author = {Gordon, R. G. and Cox, A. and Hare, S. O.},
   Title = {Paleomagnetic euler poles and the apparent polar wander and absolute motion
of North America since the Carboniferous},
   Journal = {Tectonics},
   Volume = {3},
   Pages = {499--537},
   Year = {1984} }



@incollection{
gradstein95,
   Author = {Gradstein, F.M. and Agterberg, F.P. and Ogg, J.G. and Hardenbol, J. and Van Veen, P. and Thierry, J. and Huang, Z.},
   Title = {A Triassic, Jurassic and Cretaceous time scale},
   BookTitle = {Geochronology Time Scales and global Stratigraphic Correlation},
   Editor = {Berggren, W.A. and Kent, D.V. and Aubry, M.-P. and Hardenbol, J.},
   Publisher = {SEPM},
   Address = {Tulsa, Oklahoma},
   Pages = {95-126},
   Year = {1995} }



@book{
gradstein04,
   Author = {Gradstein, F.M. and Ogg, J.G. and Smith, A.G.},
   Title = {Geologic Time Scale 2004},
   Publisher = {Cambridge University Press},
   Address = {Cambridge},
   Year = {2004} }



@article{
graham49,
   Author = {Graham, J. W.},
   Title = {The stability and significance of magnetism in sedimentary rocks},
   Journal = {J. Geophys. Res.},
   Volume = {54},
   Pages = {131--167},
   Year = {1949} }



@article{
gregor74,
   Author = {Gregor, C.B. and Mertzman, S. and Nairn, A.E.M. and Negendank, J.},
   Title = {The paleomagnetism of some Mesozoic and Cenozoic volcanic rocks from the Lebanon},
   Journal = {Tectonophysics},
   Volume = {21},
   Pages = {375-395},
   Year = {1974} }



@article{
gromme69,
   Author = {Gromm\'e, C. S. and Wright, T. L. and Peak, D. L.},
   Title = {Magnetic properties and oxidation of iron-titanium oxide minerals in Alae
and Makaopulhi Lava Lakes, Hawaii},
   Journal = {J. Geophys. Res.},
   Volume = {74},
   Pages = {5277--5293},
   Year = {1969} }



@book{
gubbins07,
   Author = {Gubbins, D. and Herrero-Bervera, E.},
   Title = {Encyclopedia of Gemagnetism and Paleomagnetism},
   Publisher = {Springer},
   Series = {Encyclopedia of Earth Sciences},
   Year = {2007} }



@article{
guyodo99,
   Author = {Guyodo, Y. and Valet, J. P.},
   Title = {Global changes in intensity of the Earth's magnetic field during the past 800 kyr},
   Journal = {Nature},
   Volume = {399},
   Number = {6733},
   Pages = {249-252},
   Year = {1999} }



@article{
halgedahl80,
   Author = {Halgedahl, S. and Day, R. and Fuller, M.},
   Title = {The effect of cooling rate on the intensity of weak-field TRM in single-domain magnetite},
   Journal = {J. Geophys. Res},
   Volume = {85},
   Pages = {3690-3698},
   Year = {1980} }



@article{
halgedahl80b,
   Author = {Halgedahl, S. and Fuller, M.},
   Title = {Magnetic domain observations of nucleation processes in fine particles of
intermediate titanomagnetite},
   Journal = {Nature},
   Volume = {288},
   Pages = {70--72},
   Year = {1980} }



@article{
halgedahl83,
   Author = {Halgedahl, S. and Fuller, M.},
   Title = {The dependence of magnetic domain structure upon magnetization state with emphasis upon nucleation as a mechanism for pseudo-single domain behavior},
   Journal = {J. Geophys. Res.},
   Volume = {88},
   Pages = {6505--6522},
   Year = {1983} }



@article{
hargraves91,
   Author = {Hargraves, R. B.},
   Title = {Distribution anisotropy: the cause of {AMS} in igneous rocks?},
   Journal = {Geophys. Res. Lett.},
   Volume = {18},
   Pages = {2193--2196},
   Year = {1991} }



@article{
hargraves80,
   Author = {Hargraves, R. B. and Onstott, T. C.},
   Title = {Paleomagnetic results from some southern African kimberlites and their tectonic significance},
   Journal = {J. Geophys. Res.},
   Volume = {85},
   Pages = {3587--3596},
   Year = {1980} }



@article{
89-70,
   Author = {Harland, W. B. and Armstrong, R. L. and Cox, A. V. and Craig, L. E. and Smith, A. G. and Smith, D. G. Harland W. B. and Armstrong, R. L.},
   Title = {A Geologic Time scale},
   Year = {1989} }



@article{
harrison66,
   Author = {Harrison, C. G. A.},
   Title = {The paleomagnetism of deep sea sediments},
   Journal = {J. Geophys. Res.},
   Volume = {71},
   Pages = {3033--3043},
   Year = {1966} }



@article{
69-19,
   Author = {Harrison, C. G. A.},
   Title = {What is the true rate of reversals of the Earth's magnetic field?},
   Journal = {Earth Planet. Sci. Lett.},
   Volume = {6},
   Pages = {186--188},
   Year = {1969} }



@article{
harrison01,
   Author = {Harrison, R.J. and Becker, U.},
   Title = {Magnetic ordering in solid solutions},
   Journal = {Eureopean Mineralogical Union Notes in Mineralogy},
   Volume = {3},
   Pages = {349-383},
   Year = {2001} }



@article{
harrison02,
   Author = {Harrison, R.J. and Dunin-Borkowski, R.E and Putnis, A.},
   Title = {Direct imaging of nanoscale magnetic interactions in minerals},
   Journal = {Proc. Nat. Acad. Sci.},
   Volume = {99},
   Pages = {doi:10.1073/pnas.262514499},
   Year = {2002} }



@article{
harrison08,
   Author = {Harrison, R.J. and Feinberg, J.M.},
   Title = {FORCinel: An improved algorithm for calculating first-order reversal curve (FORC) distributions using locally-weighted regression smoothing},
   Journal = {Geochem. Geophys. Geosyst.},
   Volume = {doi:10.1029/2008GC001987},
   Year = {2008} }



@article{
hartl95,
   Author = {Hartl, P. and Tauxe, L. and Herbert, T.},
   Title = {Eartliest Oligocene increase in South Atlantic productivity as interpreted from "rock magnetics" at DSDP Site 522},
   Journal = {Paleoceanography},
   Volume = {10},
   Pages = {311-325},
   Year = {1995} }



@article{
hatakeyama02,
   Author = {Hatakeyama, T. and Kono, M.},
   Title = {Geomagnetic field model for the last 5 My: time-averaged field and secular variation},
   Journal = {Phys. Earth Planet. Int.},
   Volume = {133},
   Pages = {181-215},
   Year = {2002} }



@article{
hays76,
   Author = {Hays, J. D. and Imbrie, J. and Shackleton, N. J.},
   Title = {Variations in the Earth's orbit: pacemaker of the ice ages},
   Journal = {Science},
   Volume = {194},
   Pages = {1121--1132},
   Year = {1976} }



@article{
he08,
   Author = {He, H. and Pan, Y. X. and Tauxe, L. and Qin, H.},
   Title = {Toward age determination of the Barremian-Aptian boundary M0r of the Early Cretaceous},
   Journal = {Phys. Earth Planet. Int.},
   Volume = {169},
   Pages = {41-48},
   Year = {2008} }



@article{
heider92,
   Author = {Heider, F. and Hoffmann, V.},
   Title = {Magneto-optical Kerr effect on magnetite crystals with externally applied magnetic fields},
   Journal = {Earth Planet. Sci. Lett.},
   Volume = {108},
   Pages = {131â€“138},
   Year = {1992} }



@article{
heider96,
   Author = {Heider, F. and Zitzelsberger, A. and Fabian, K.},
   Title = {Magnetic susceptibility and remanent coercive force in grown magnetite
crystals from 0.1 $\mu$m to 6mm},
   Journal = {Phys. Earth Planet. Inter.},
   Volume = {93},
   Pages = {239--256},
   Year = {1996} }



@article{
heirtzler68,
   Author = {Heirtzler, J. R. and Dickson, G. O. and Herron, E. M. and Pitman, W. C. I. and LePichon, X.},
   Title = {Marine magnetic anomalies geomagnetic field reversals, and motions of the ocean floor and continents},
   Journal = {J. Geophys. Res.},
   Volume = {73},
   Pages = {2119--2136},
   Year = {1968} }



@article{
helsley69,
   Author = {Helsley, C.E. and Steiner, M.B.},
   Title = {Evidence for long intervals of normal polarity during the Cretaceous period},
   Journal = {Earth Planet. Sci. Lett.},
   Volume = {5},
   Pages = {325-332},
   Year = {1969} }



@article{
henshaw80,
   Author = {Henshaw, P. C. and Merrill, R. T.},
   Title = {Magnetic and chemical changes in marine sediments},
   Journal = {Rev. Geophys. and Space Phys.},
   Volume = {18},
   Pages = {483--504},
   Year = {1980} }



@article{
hext63,
   Author = {Hext, G. R.},
   Title = {The estimation of second-order tensors, with related tests and designs},
   Journal = {Biometrika},
   Volume = {50},
   Pages = {353--357},
   Year = {1963} }



@article{
hilgen91,
   Author = {Hilgen, F. J.},
   Title = {Astronomical calibration of Gauss to Matuyama sapropels in the Mediterranean
and implication for the Geomagnetic Polarity Time Scale},
   Journal = {Earth Planet. Sci. Lett.},
   Volume = {104},
   Pages = {226--244},
   Year = {1991} }



@phdthesis{
hill00,
   Author = {Hill, M. J.},
   Title = {The microwave paleointensity technique and its application to lava},
   School = {University of Liverpool},
      Year = {2000} }



@article{
hill02,
   Author = {Hill, M. J. and Gratton, M.N. and Shaw, J.},
   Title = {A comparison of thermal and microwave paleomagnetic techniques using lava containing laboratory induced remanence},
   Journal = {Geophys. J. Int.},
   Volume = {151},
   Pages = {157-163},
   Year = {2002} }



@article{
hill05,
   Author = {Hill, M.J. and Shaw, J. and Herrero-Bervera, E.},
   Title = {Paleointensity record through the Lower Mammoth reversal from the Waianae volcano, Hawaii},
   Journal = {Earth Planet. Sci. Lett.},
   Volume = {230},
   Pages = {255-272},
   Year = {2005} }



@article{
hoffman84,
   Author = {Hoffman, K.A.},
   Title = {A method for the display and analysis of transitional paleomagnetic data},
   Journal = {J. Geophys. Res.},
   Volume = {89},
   Pages = {6285-6292},
   Year = {1984} }



@article{
hoffman05,
   Author = {Hoffman, K. A. and Biggin, A. J.},
   Title = {A rapid multi-sample approach to the determination of absolute paleointensity},
   Journal = {J. Geophys. Res.},
   Volume = {110},
   Pages = {B12108, doi:10.1029/2005JB003646},
   Year = {2005} }



@article{
hoffman89,
   Author = {Hoffman, K. A. and Constantine, V. L. and Morse, D. L.},
   Title = {Determinaton of absolute palaeointensity using a multi-specimen procedure},
   Journal = {Nature},
   Volume = {339},
   Pages = {295-297},
   Year = {1989} }



@article{
hoffman78,
   Author = {Hoffman, K. A. and Day, R.},
   Title = {Separation of multi-component {NRM}: a general method},
   Journal = {Earth Planet. Sci. Lett.},
   Volume = {40},
   Pages = {433--438},
   Year = {1978} }



@article{
hoffmann99,
   Author = {Hoffmann, V. and Knab, M. and Appel, E.},
   Title = {Magnetic susceptibility mapping of roadside pollution},
   Journal = {J. Geochem. Explor.},
   Volume = {66},
   Pages = {313-326},
   Year = {1999} }



@article{
hospers55,
   Author = {Hospers, J.},
   Title = {Rock magnetism and polar wandering},
   Journal = {J. Geol.},
   Volume = {63},
   Pages = {59-74},
   Year = {1955} }



@article{
hughen04,
   Author = {Hughen, K. and Lehman, S. and Southon, J. and Overpeck, J. and Marchal, O. and Herring, C. and Turnbull, J.},
   Title = {C-14 activity and global carbon cycle changes over the past 50,000 years},
   Journal = {Science},
   Volume = {303},
   Number = {5655},
   Pages = {202-207},
   Year = {2004} }



@article{
hulot02,
   Author = {Hulot, G. and Eymin, C. and Langlais, B. and Mandea, M. and Olsen, N.},
   Title = {Small-scale structure of the geodynamo inferred from Oersted and Magsat satellite data},
   Journal = {Nature},
   Volume = {416},
   Pages = {620-623},
   Year = {2002} }



@article{
hunt95,
   Author = {Hunt, C. P. and Moskowitz, B. M. and Banerjee, S. K.},
   Title = {Rock Physics and Phase Relations, A Handbook of Physical Constants},
   Pages = {189--204},
   Year = {1995} }



@article{
irving58,
   Author = {Irving, E.},
   Title = {Paleogeographic reconstruction from paleomagnetism},
   Journal = {Geophys. J. Roy. astr. Soc.},
   Volume = {1},
   Pages = {224--237},
   Year = {1958} }



@book{
irving64,
   Author = {Irving, E.},
   Title = {Paleomagnetism and Its Application to Geological and Geophysical Problems},
   Publisher = {John Wiley and Sons, In.c},
   Year = {1964} }



@article{
irving77,
   Author = {Irving, E.},
   Title = {Drift of the major continental blocks since the Devonian},
   Journal = {Nature},
   Volume = {270},
   Pages = {304},
   Year = {1977} }



@article{
irving79,
   Author = {Irving, E.},
   Title = {Paleopoles and paleolatitudes of North America and speculations about displaced terrains},
   Journal = {Can. J. Earth Sci.},
   Volume = {16},
   Pages = {669-694},
   Year = {1979} }



@article{
irving63,
   Author = {Irving, E. and Ward, M.A.},
   Title = {A statistical model of the geomagnetic field},
   Journal = {Pure and Applied Geophysics},
   Volume = {57},
   Pages = {47-52},
   Year = {1963} }



@article{
irwin87,
   Author = {Irwin, J.J.},
   Title = {Some paleomagnetic constraints on the tectonic evolution of the coastal cordillera of central Chile},
   Journal = {J. Geophys. Res.},
   Volume = {92},
   Pages = {3603-3614},
   Year = {1987} }



@article{
jackson00,
   Author = {Jackson, A. and Jonkers, A. R. T. and Walker, M. R.},
   Title = {Four centuries of geomagnetic secular variation from historical records},
   Journal = {Phil. Trans. Roy. Soc. London, Series A},
   Volume = {358},
   Number = {1768},
   Pages = {957-990},
   Year = {2000} }



@article{
jackson06,
   Author = {Jackson, M. and Carter-Stiglitz, B. and Egli, R. and Solheid, P.},
   Title = {Characterizing the superparamagnetic grain distribution f(V, Hk) by thermal fluctuation tomography},
   Journal = {J. Geophys. Res.},
   Volume = {111},
   Pages = {B12S07, doi:10.1029/2006JB004514},
   Year = {2006} }



@article{
jackson90,
   Author = {Jackson, M. and Worm, H. U. and Banerjee, S. K.},
   Title = {Fourier analysis of digital hysteresis data: rock magnetic applications},
   Journal = {Phys. Earth Planet. Inter.},
   Volume = {65},
   Pages = {78--87},
   Year = {1990} }



@article{
jackson91,
   Author = {Jackson, M. J. and Banerjee, S. K. and Marvin, J. A. and Lu, R. and Gruber, W.},
   Title = {Detrital remanence, inclination errors and anhysteretic remanence anisotropy: quantitative model and experimental results},
   Journal = {Geophys. J. Int.},
   Volume = {104},
   Pages = {95--103},
   Year = {1991} }



@article{
jelinek78,
   Author = {Jelinek, V.},
   Title = {Statistical processing of anisotropy of magnetic susceptibility measured on groups of specimens},
   Journal = {Studia Geophys. et Geol.},
   Volume = {22},
   Pages = {50--62},
   Year = {1978} }



@article{
jelinek81,
   Author = {Jelinek, V.},
   Title = {Characterization to the magnetic fabric of rocks},
   Journal = {Tectonophysics},
   Volume = {79},
   Pages = {T63-T67},
   Year = {1981} }



@book{
jiles91,
   Author = {Jiles, D.},
   Title = {Introduction to Magnetism and Magnetic Materials},
   Publisher = {Chapman and Hall/CRC},
   Year = {1991} }



@book{
jiles98,
   Author = {Jiles, D.},
   Title = {Introduction to Magnetism and Magnetic Materials, Second Edition},
   Publisher = {Chapman and Hall/CRC},
   Year = {1998} }



@article{
jiles92,
   Author = {Jiles, D. C.},
   Title = {Numerical determination of hysteresis parameters for the modeling of magnetic properties using the theory of ferromagnetic hysteresis},
   Journal = {IEEE Transactions on Magnetics},
   Volume = {28},
   Pages = {27--35},
   Year = {1992} }



@article{
joffe74,
   Author = {Joffe, I. and Heuberger, R.},
   Title = {Hysteresis properties of distributions of cubic single-domain ferromagnetic particles},
   Journal = {Phil. Mag.},
   Volume = {314},
   Pages = {1051-1059},
   Year = {1974} }



@article{
johnson97,
   Author = {Johnson, C.L. and Constable, C.G.},
   Title = {The time averged geomagnetic field: global and regional biases for 0-5 Ma},
   Journal = {Geophys. J. Int.},
   Volume = {131},
   Pages = {643-666},
   Year = {1997} }



@article{
johnson08,
   Author = {Johnson, C. L. and Constable, C. G. and Tauxe, L. and Barendregt, R.W. and Brown, L.L. and Coe, R.S. and Layer, P. and Mejia, V. and Opdyke, N.D. and Singer, B.S. and Staudigel, H. and Stone, D.},
   Title = {Recent investigations of the 0-5 Ma geomagnetic field recorded in lava flows},
   Journal = {Geochem. Geophys. Geosyst.},
   Volume = {9},
   Pages = {Q04032, doi:10.1029/2007GC001696},
   Year = {2008} }



@article{
84-104,
   Author = {Johnson, D. A. and Ledbetter, M. T. and Tappa, E. and Thunnell, R.},
   Title = {Late Tertiary/Quaternary magnetostratigraphy and biostratigraphy on Verna Channel sediments},
   Journal = {Marine Geology},
   Volume = {58},
   Pages = {89--100},
   Year = {1984} }



@article{
johnson48,
   Author = {Johnson, E. A. and Murphy, T. and Torreson, O. W.},
   Title = {Pre-history of the Earth's magnetic field},
   Journal = {Terr. Magn. atmos. Elect.},
   Volume = {53},
   Pages = {349--372},
   Year = {1948} }



@article{
johnson84,
   Author = {Johnson, R.J. and van der Voo, R. and Lowrie, W.},
   Title = {Paleomagnetism and late diagenesis of Jurassic carbonates from the Jura Mountains, Switzerland and France},
   Journal = {Geol. Soc. Amer. Bull.},
   Volume = {95},
   Pages = {478-488},
   Year = {1984} }



@article{
juarez98,
   Author = {Juarez, T. and Tauxe, L. and Gee, J. S. and Pick, T.},
   Title = {The intensity of the Earth's magnetic field over the past 160 million years},
   Journal = {Nature},
   Volume = {394},
   Pages = {878-881},
   Year = {1998} }



@article{
jupp87,
   Author = {Jupp, P.E. and Kent, J.T.},
   Title = {Fitting smooth paths to spherical data},
   Journal = {Appl. Statist.},
   Volume = {36},
   Pages = {34-46},
   Year = {1987} }



@article{
koenigsberger38,
   Author = {K\"onigsberger, J.G.},
   Title = {Natural residual magnetism of eruptive rocks, Pt I, Pt II.},
   Journal = {Terr. Magn. and Atmos. Electr.},
   Volume = {43},
   Pages = {119-127;299-320},
   Year = {1938} }



@article{
kamerling79,
   Author = {Kamerling, M. J. and Luyendyk, B. P.},
   Title = {Tectonic rotations of the Santa Monica Mountains region, western Transverse Ranges, California, suggested by paleomagnetic vectors},
   Journal = {Geol. Soc. Amer. bull.},
   Volume = {90},
   Number = {Pt. 1},
   Pages = {331--337},
   Year = {1979} }



@article{
katari01,
   Author = {Katari, K. and Bloxham, J.},
   Title = {Effects of sediment aggregate size on DRM intensity: a new theory},
   Journal = {Earth Planet. Sci. Lett.},
   Volume = {186},
   Number = {1},
   Pages = {113-122},
   Year = {2001} }



@article{
katari00,
   Author = {Katari, K. and Tauxe, L.},
   Title = {Effects of surface chemistry and flocculation on the intensity of magnetization in redeposited sediments},
   Journal = {Earth Planet. Sci. Lett.},
   Volume = {181},
   Pages = {489-496},
   Year = {2000} }



@article{
katari00b,
   Author = {Katari, K. and Tauxe, L. and King, J.},
   Title = {A reassessment of post   depositional remanenent magnetism: preliminary experiments with natural sediments},
   Journal = {Earth Planet. Sci. Lett.},
   Volume = {183},
   Pages = {147-160},
   Year = {2000} }



@article{
kent02,
   Author = {Kent, D.V. and Hemming, S.R. and Turrin, B.D.},
   Title = {Laschamp excursion at Mono Lake?},
   Journal = {Earth Planet. Sci. Lett.},
   Volume = {197},
   Pages = {151-164},
   Year = {2002} }



@article{
kent99b,
   Author = {Kent, D. V. and Olsen, P.E.},
   Title = {Astronomically tuned geomagnetic polarity time scale for the Late Triassic},
   Journal = {J. Geophys. Res.},
   Volume = {104},
   Pages = {12831-12841},
   Year = {1999} }



@article{
kent95,
   Author = {Kent, D. V. and Olsen, P. E. and Witte, W. K.},
   Title = {Late Triassic-earliest Jurassic geomagnetic polarity sequence and paleolatitudes from drill cores in the Newark rift basin, eastern North America},
   Journal = {J. Geophys. Res.},
   Volume = {100},
   Pages = {14965--14998},
   Year = {1995} }



@article{
kent98,
   Author = {Kent, D.V. and Smethurst, M.A.},
   Title = {Shallow  bias of paleomagnetic inclinations in the Paleozoic and Precambrian},
   Journal = {Earth Planet. Sci. Lett.},
   Volume = {160},
   Pages = {391-402},
   Year = {1998} }



@article{
kent82,
   Author = {Kent, J. T.},
   Title = {The Fisher-Bingham distribution on the sphere},
   Journal = {J. R. Statist. Soc. B.},
   Volume = {44},
   Pages = {71--80},
   Year = {1982} }



@article{
khokhlov01,
   Author = {Khokhlov, A and Hulot, G and Carlut, J.},
   Title = {Towards a self-consistent approach to palaeomagnetic field modelling.},
   Journal = {Geophys. J. Int.},
   Volume = {145},
   Pages = {157-171},
   Year = {2001} }



@article{
kim05,
   Author = {Kim, B.Y. and Kodama, K.P. and Moeller, R. E.},
   Title = {Bacterial magnetite produced in water column dominates lake sediment mineral magnetism: Lake Ely, USA},
   Journal = {Geophysical Journal International},
   Volume = {163},
   Number = {1},
   Pages = {26-37},
   Year = {2005} }



@article{
king82,
   Author = {King, J. and Banerjee, S. K. and Marvin, J. and Ozdemir, O.},
   Title = {A comparison of different magnetic methods for determining the relative grain size of magnetite in natural materials: some results from lake sediments},
   Journal = {Earth Planet. Sci. Lett.},
   Volume = {59},
   Pages = {404--419},
   Year = {1982} }



@article{
king83,
   Author = {King, J. W. and Banerjee, S. K. and Marvin, J.},
   Title = {A new rock magnetic approach to selecting sediments for geomagnetic paleointensity studies: application to paleointensity for the last 4000 years},
   Journal = {J. Geophys. Res.},
   Volume = {88},
   Pages = {5911--5921},
   Year = {1983} }



@article{
king55,
   Author = {King, R. F.},
   Title = {The remanent magnetism of artificially deposited sediments},
   Journal = {Mon. Nat. Roy. astr. Soc., Geophys. Suppl.},
   Volume = {7},
   Pages = {115--134},
   Year = {1955} }



@article{
kirschvink80,
   Author = {Kirschvink, J. L.},
   Title = {The least-squares line and plane and the analysis of paleomagnetic data},
   Journal = {Geophys. J. Roy. Astron. Soc.},
   Volume = {62},
   Pages = {699--718},
   Year = {1980} }



@article{
kirschvink84,
   Author = {Kirschvink, J. L. and Chang, S. B. R.},
   Title = {Ultrafine-grained magnetite in deep-sea sediments: possible bacterial
magnetofossils},
   Journal = {Geology},
   Volume = {12},
   Pages = {559--562},
   Year = {1984} }



@article{
kirschvink97b,
   Author = {Kirschvink, J. L. and Ripperdan, R.L. and Evans, D.A.D.},
   Title = {Evidence for a large-scale reorganization of early Cambrian continental masses by inertial interchange true polar wander},
   Journal = {Science},
   Volume = {277},
   Pages = {541-545},
   Year = {1997} }



@article{
kletetschka06,
   Author = {Kletetschka, G. and Fuller, M. and Kohout, T. and Wasilewski, P. J. and Herrero-Bervera, E. and Ness, N.f. and Acuna, M. H.},
   Title = {TRM in low magnetic fields: a minimum field that can be recorded by large multidomain grains},
   Journal = {Phys. Earth Planet. Int.},
   Volume = {154},
   Pages = {290-298},
   Year = {2006} }



@article{
kluth82,
   Author = {Kluth, C.F. and Butler, R.F. and Harding, L.E. and Shafiqullah, M. and Damon, P.E.},
   Title = {Paleomagnetism of Late Jurassic rocks in the Northern Canelo Hills, Southeastern Arizona},
   Journal = {J. Geophy.  Res.},
   Volume = {87},
   Pages = {7079-7086},
   Year = {1982} }



@article{
knight88,
   Author = {Knight, M. D. and Walker, G. P. L.},
   Title = {Magma flow directions in dikes of the Koolau Comples, Oahu, determined from magnetic fabric studies},
   Journal = {J. Geophys. Res.},
   Volume = {93},
   Pages = {4301--4319},
   Year = {1988} }



@article{
koenigsberger36,
   Author = {Koenigsberger, J.G.},
   Title = {Die abhaengigkeit der natuerlichen remanenten magnetisierung bei eruptivgesteinen von deren alter und zusammensetzung},
   Journal = {Beitr. Angew. Geophys.},
   Volume = {5},
   Pages = {193-246},
   Year = {1936} }



@article{
96-46,
   Author = {Kok, Y. S. and Tauxe, L.},
   Title = {Saw-toothed pattern of sedimentary paleointensity records explained by
cumulative viscous remanence},
   Journal = {Earth Planet. Sci. Lett.},
   Volume = {144},
   Pages = {E9-E14},
   Year = {1996} }



@article{
kono74,
   Author = {Kono, M.},
   Title = {Intensities of the Earth's magnetic field about 60 m.y. ago determined from the Deccan Trap basalts, India},
   Journal = {J. Geophys. Res.},
   Volume = {79},
   Pages = {1135-1141},
   Year = {1974} }



@incollection{
kono07,
   Author = {Kono, M.},
   Title = {Geomagnetism in Perspective},
   BookTitle = {Geomagnetism},
   Editor = {Kono, M.},
   Series = {Treatise on Geophysics},
   Publisher = {Elsevier},
   Volume = {5},
   Pages = {1-30},
   Year = {2007} }



@book{
kono07b,
   Author = {Kono, M.},
   Title = {Treatise in Geophysics, vol. 5},
   Publisher = {Elsevier},
   Year = {2007} }



@article{
kono77,
   Author = {Kono, M. and Ueno, N.},
   Title = {Paleointensity determination by a modified Thellier method},
   Journal = {Phys. Earth Planet. Inter.},
   Volume = {13},
   Pages = {305--314},
   Year = {1977} }



@article{
kopp08,
   Author = {Kopp, R. E. and Kirschvink, J. L.},
   Title = {The identification and biogeochemical interpretation of fossil magnetotactic bacteria},
   Journal = {Earth-Science Reviews},
   Volume = {86},
   Number = {1-4},
   Pages = {42-61},
   Year = {2008} }



@article{
korhonen08,
   Author = {Korhonen, K. and Donadini, F. and Riisager, P. and Pesonen, L. J.},
   Title = {GEOMAGIA50: An archeointensity database with PHP and MySQL},
   Journal = {Geochem. Geophys. Geosyst.},
   Volume = {9},
   Number = {Q04029},
   Pages = {doi:10.1029/2007GC001893},
   Year = {2008} }



@article{
korte05b,
   Author = {Korte, M. and Constable, C.},
   Title = {Continuous geomagnetic field models for the past 7 millennia: 2. CALS7K},
   Journal = {Geochem., Geophys., Geosyst.},
   Volume = {6},
   Pages = {Q02H16: DOI 10.1029/2004GC000801},
   Year = {2005} }



@article{
korte03,
   Author = {Korte, M. and Constable, C. G.},
   Title = {Continuous global geomagnetic field models for the past 3000 years},
   Journal = {Phys. Earth Planet. Inter.},
   Volume = {140},
   Pages = {73-89},
   Year = {2003} }



@article{
korte08,
   Author = {Korte, M. and Constable, C. G.},
   Title = {Spatial and temporal resolution of millennial scale geomagnetic field models},
   Journal = {Advances in Space Research},
   Volume = {41},
   Number = {1},
   Pages = {57-69},
   Year = {2008} }



@article{
korte05,
   Author = {Korte, M. and Genevey, A. and Constable, C. and Frank, U. and Schnepp, E.},
   Title = {Continuous geomagnetic field models for the past 7 millennia: 1. A new global data compilation},
   Journal = {Geochem., Geophys., Geosyst.},
   Volume = {6},
   Number = {Q02H15},
   Pages = {Q02H15; DOI 10.1029/2004GC000800},
   Year = {2005} }



@article{
kowallis98,
   Author = {Kowallis, B.J. and Christiansen, E.H. and Deino, A.L. and Peterson, F. and Turner, C.E. and Kunk, M.J. and Obradovich, J.D.},
   Title = {The age of the Morrison Formation},
   Journal = {Modern Geology},
   Volume = {22},
   Pages = {235-260},
   Year = {1998} }



@article{
krijgsman04,
   Author = {Krijgsman, W. and Tauxe, L.},
   Title = {Shallow bias in Mediterranean paleomagnetic directions caused by inclination error},
   Journal = {Earth and Planetary Science Letters},
   Volume = {222},
   Pages = {685-695},
   Year = {2004} }



@article{
kruiver01,
   Author = {Kruiver, P.P. and Dekkers, M.J. and Heslop, D.},
   Title = {Quantification of magnetic coercivity components by the analysis of acquisition curves of isothermal remanent magnetisation},
   Journal = {Earth Planet. Sci. Lett.},
   Volume = {189},
   Number = {3-4},
   Pages = {269-276},
   Year = {2001} }



@article{
labrecque77,
   Author = {LaBrecque, J. L. and Kent, D. V. and Cande, S. C.},
   Title = {Revised magnetic polarity time scale for Late Cretaceous and Cenozoic time},
   Journal = {Geology},
   Volume = {5},
   Pages = {330--335},
   Year = {1977} }



@incollection{
laj07,
   Author = {Laj, C. and Channell, J. E. T.},
   Title = {Geomagnetic Excursions},
   BookTitle = {Geomagnetism},
   Editor = {Kono, M.},
   Series = {Treatise on Geophysics},
   Publisher = {Elsevier},
   Volume = {5},
   Pages = {373-407},
   Year = {2007} }



@article{
laj02,
   Author = {Laj, C. and Kissel, C. and Mazaud, A. and Michel, E. and Muscheler, R. and Beer, J.},
   Title = {Geomagnetic field intensity, North Atlantic Deep Water circulation and atmospheric $\Delta^{14}$C during the last 50 kyr},
   Journal = {Earth Planet. Sci. Lett.},
   Volume = {200},
   Pages = {177-190},
   Year = {2002} }



@incollection{
langel87,
   Author = {Langel, R.},
   Title = {The main geomagnetic field},
   BookTitle = {Geomagnetism},
   Editor = {Jacobs, J.},
   Publisher = {Academic Press},
   Address = {New York},
   Pages = {249-512},
   Year = {1987} }



@article{
lanos05,
   Author = {Lanos, P. and LeGoff, M. and Kovacheva, M. and Schnepp, E.},
   Title = {Hierarchical modelling of archaeomagnetic data and curve estimation by moving average technique},
   Journal = {Geophys. J. Int.},
   Volume = {160},
   Pages = {440-476},
   Year = {2005} }



@article{
larson72,
   Author = {Larson, R. L. and Pitman, W. C. I.},
   Title = {World-wide correlation of Mesozoic magnetic anomalies, and its implications},
   Journal = {Geol. Soc. Amer. Bull.},
   Volume = {83},
   Pages = {3645--3662},
   Year = {1972} }



@article{
laskar04,
   Author = {Laskar, J. and Robutel, P. and Joutel, F. and Gastineau, M. and Correia, A.C.M. and Levrard, B.},
   Title = {A long-term numerical solution for the insolation quantities of the Earth},
   Journal = {Astron. Astrophys.},
   Volume = {428},
   Number = {doi: 10.1051/0004-6361},
   Pages = {261-285},
   Year = {2004} }



@article{
lawrence08,
   Author = {Lawrence, K. P. and Tauxe, L. and Staudigel, H. and Constable, C. and Koppers, A.A. and McIntosh, W. C. and Johnson, C. L.},
   Title = {Paleomagnetic field properties at high southern latitude},
   Journal = {Geochem. Geophys. Geosyst.},
   Volume = {10},
   Pages = {doi:10.1029/2008GC002072},
   Year = {2009} }



@article{
legoff92,
   Author = {LeGoff, M. and Henry, B. and Daly, L.},
   Title = {Practical method for drawing a VGP path},
   Journal = {Phys. Earth Planet. Inter.},
   Volume = {70},
   Pages = {201-204},
   Year = {1992} }



@article{
levi76,
   Author = {Levi, S. and Banerjee, S. K.},
   Title = {On the possibility of obtaining relative paleointensities from lake sediments},
   Journal = {Earth Planet. Sci. Lett.},
   Volume = {29},
   Pages = {219-226},
   Year = {1976} }



@incollection{
lottes90,
   Author = {Lottes, A.L. and Rowley, D.B.},
   Title = {Early and Late Permian reconstructions of Pangaea},
   BookTitle = {Paleozoic Paleogeogrpahy and Biogeography},
   Editor = {McKerro, W.A. and Scotese, C.R.},
   Publisher = {Geol. Soc. London Meme},
   Volume = {12},
   Pages = {383-395},
   Year = {1990} }



@article{
love99,
   Author = {Love, J.J.},
   Title = {Reversals and excursions},
   Journal = {A \& G},
   Volume = {40},
   Pages = {6.14-6.19},
   Year = {1999} }



@article{
love03,
   Author = {Love, J.J. and Constable, C. G.},
   Title = {Gaussian statistics for paleomagnetic vectors},
   Journal = {Geophys. J. Int.},
   Volume = {152},
   Pages = {515-565},
   Year = {2003} }



@article{
lowes74,
   Author = {Lowes, F.J.},
   Title = {Spatial power spectum of the main geomagnetic field and extrapolation to the core},
   Journal = {Geophys. J. R. Astron. Soc.},
   Volume = {36},
   Pages = {717-730},
   Year = {1974} }



@article{
lowrie90,
   Author = {Lowrie, W.},
   Title = {Identification of ferromagnetic minerals in a rock by coercivity and unblocking temperature properties},
   Journal = {Geophys. Res. Lett.},
   Volume = {17},
   Pages = {159--162},
   Year = {1990} }



@incollection{
lowrie04,
   Author = {Lowrie, W. and Kent, D. V.},
   Title = {Geomagnetic polarity timescales and reversal frequency regimes},
   BookTitle = {Timescales of the Paleomagnetic Field},
   Editor = {Channell, J.E.T. and Kent, D.V. and Lowrie, W. and Meert, J.G.},
   Publisher = {American Geophysical Union},
   Address = {Washington, D.C.},
   Volume = {145},
   Pages = {117-129},
   Year = {2004} }



@article{
lu90,
   Author = {Lu, R. and Banerjee, S. K. and Marvin, J.},
   Title = {Effects of clay mineralogy and the electrical conductivity of water on the
acquisition of depositional remanent magnetization in sediments},
   Journal = {Jour. Geophys. Res.},
   Volume = {95},
   Pages = {4531--4538},
   Year = {1990} }



@article{
lund88,
   Author = {Lund, S. P. and Liddicoat, J. and Lajoie, T. L. K. and Henyey, T. L.},
   Title = {Paleomagnetic evidence for long-term (10$^4$ year) memory and periodic
behavior in the Earth's core dynamo process},
   Journal = {Geophys. Res. Lett.},
   Volume = {15},
   Pages = {1101--1104.},
   Year = {1988} }



@book{
maher99,
   Editor = {Maher, B. A. and Thompson, R.},
   Title = {Quaternary Climates, Environments and Magnetism},
   Publisher = {Cambridge University Press},
   Year = {1999} }



@article{
85-33,
   Author = {Mankinen, E. A. and Privot, M. and Gramme, C. S. and Coe, R. S.},
   Title = {The Steens Mtn (Oregon) Geomagnetite polarity transition 1. Directional
history, duration of episodes and rock magnetism},
   Journal = {Journal of Geophysical Research},
   Volume = {90},
   Pages = {10393-10416},
   Year = {1985} }



@article{
mardia77,
   Author = {Mardia, K. V. and Zemrock, P. J.},
   Title = {Table of maximum likelihood estimates for the Bingham distribution},
   Journal = {J. Statist. Comput. Simul.},
   Volume = {6},
   Pages = {29--34},
   Year = {1977} }



@article{
maserik99,
   Author = {Masarik, J. and Beer, J.},
   Title = {Simulation of particle fluxes and cosmogenic nuclide production in the Earth's atmosphere},
   Journal = {Jour. Geophys. Res.},
   Volume = {104},
   Number = {D10},
   Pages = {12,099-12,111},
   Year = {1999} }



@article{
masarik99,
   Author = {Masarik, J. and Beer, J.},
   Title = {Simulation of particle fluxes and cosmogenic nuclide production in the Earth's atmosphere},
   Journal = {J. Geophys. Res},
   Volume = {104},
   Pages = {12099-12110},
   Year = {1999} }



@article{
mason61,
   Author = {Mason, R.G. and Raff, A.D.},
   Title = {Magnetic survey off the west coast of North America, 40 degrees N. latitude to 52 degrees N. latitude},
   Journal = {Geol. Soc. Amer. bull.},
   Volume = {72},
   Pages = {1267-1270},
   Year = {1961} }



@incollection{
masters00,
   Author = {Masters, G. and Laske, G. and Bolton, H. and Dziewonski, A. M.},
   Title = {The Relative Behavior of Shear Velocity, Bulk Sound Speed, and Compressional Velocity in the Mantle: Implications for Chemical and Thermal Structure},
   BookTitle = {Earth's Deep Interior},
   Editor = {Karato, S. and Forte, R.C. and Liebermann, G. and Masters, G. and Stixrude, L.},
   Series = {AGU Monograph},
   Publisher = {American Geophysical Union},
   Address = {Washington, D.C.},
   Volume = {117},
   Year = {2000} }



@article{
matuyama29,
   Author = {Matuyama, M.},
   Title = {On the direction of magnetisation of basalt in Japan, Tyosen and Manchuria},
   Journal = {Proc. Imp. Acad. Jap.},
   Volume = {5},
   Pages = {203-205},
   Year = {1929} }



@article{
may86,
   Author = {May, S.R. and Butler, R.F.},
   Title = {North American Jurassic apparent polar wander: Implications for plate motion, paleogeography and cordilleran tectonics},
   Journal = {J. Geophys. Res.},
   Volume = {91},
   Pages = {11519-11544},
   Year = {1986} }



@article{
mayergoyz86,
   Author = {Mayergoyz, I.D.},
   Title = {Mathematical models of hysteresis},
   Journal = {IEEE Trans. Magn.},
   Volume = {MAG-22},
   Pages = {603-608},
   Year = {1986} }



@article{
mccabe83,
   Author = {McCabe, C. and Van der Voo, R. and Peacor, C. R.  and Scotese, C. R. and Freeman, R.},
   Title = {Diagenetic magnetite carries ancient yet secondary remanence in some Paleozoic carbonates},
   Journal = {Geology},
   Volume = {11},
   Pages = {221--223},
   Year = {1983} }



@article{
mcdougall63,
   Author = {McDougall, I and Tarling, D.H.},
   Title = {Dating reversals of the Earth's magnetic fields},
   Journal = {Nature},
   Volume = {198},
   Pages = {1012-1013},
   Year = {1963} }



@article{
mcelhinny96,
   Author = {McElhinnhy, M.W. and Lock, J.},
   Title = {IAGA paleomagnetic databases with Access},
   Journal = {Surv. of Geophys. },
   Volume = {17},
   Pages = {575-591},
   Year = {1996} }



@article{
mcelhinny64,
   Author = {McElhinny, M. W.},
   Title = {Statistical significance of the fold test in paleomagnetism},
   Journal = {Geophys. Jour. R. astro. Soc.},
   Volume = {8},
   Pages = {338--340},
   Year = {1964} }



@article{
mcelhinny73,
   Author = {McElhinny, M. W.},
   Title = {Paleomagnetism and Plate Tectonics},
   Year = {1973} }



@article{
mcelhinny96b,
   Author = {McElhinny, M.W. and Lock, J.},
   Title = {IAGA paleomagnetic databases with Access},
   Journal = {Surv. in Geophysics},
   Volume = {17},
   Pages = {575-591},
   Year = {1996} }



@article{
mcelhinny97,
   Author = {McElhinny, M. W. and McFadden, P. L.},
   Title = {Palaeosecular variation over the past 5 Myr based on a new generalized database},
   Journal = {Geophys. J. Int.},
   Volume = {131},
   Number = {2},
   Pages = {240-252},
   Year = {1997} }



@book{
mcelhinny00,
   Author = {McElhinny, M.W. and McFadden, P.L.},
   Title = {Paleomagnetism: Continents and Oceans},
   Publisher = {Academic Press},
   Year = {2000} }



@article{
mcfadden81,
   Author = {McFadden, P. L. and Jones, D. L.},
   Title = {The fold test in paleomagnetism},
   Journal = {Geophys. J. Roy. astr. Soc.},
   Volume = {67},
   Pages = {53--58},
   Year = {1981} }



@article{
mcfadden88,
   Author = {McFadden, P. L. and McElhinny, M. W.},
   Title = {The combined analysis of remagnetization circles and direct observations in paleomagnetism},
   Journal = {Earth Planet. Sci. Lett.},
   Volume = {87},
   Pages = {161--172},
   Year = {1988} }



@article{
mcfadden82,
   Author = {McFadden, P. L. and Reid, A. B.},
   Title = {Analysis of paleomagnetic inclination data},
   Journal = {Geophys. J.R. Astr. Soc.},
   Volume = {69},
   Pages = {307-319},
   Year = {1982} }



@book{
means76,
   Author = {Means, W.D.},
   Title = {Stress and Strain: Basic Concepts of Continuum Mechanics for Geologists},
   Publisher = {Springer-Verlag},
   Year = {1976} }



@article{
mercanton26,
   Author = {Mercanton, P.L.},
   Title = {Inversion de l'inclinaison magn\'etique terrestre aux ages g\'eologiques},
   Journal = {Terr. Magn. Atmosph. Elec},
   Volume = {31},
   Pages = {187-190},
   Year = {1926} }



@book{
merrill96,
   Author = {Merrill, R. T. and McElhinny, M. W. and McFadden, P. L.},
   Title = { The Magnetic Field of the Earth: Paleomagnetism, the Core, and the Deep Mantle},
   Publisher = {Academic Press},
   Year = {1996} }



@article{
mochizuki06,
   Author = {Mochizuki, N. and Tsunakawa, H. and Shibuya, H. and Cassidy, J. and Smith, I.E.M.},
   Title = {Paleointensities of the Auckland geomagnetic excursions by the LTD-DHT Shaw method},
   Journal = {Phys. Earth Planet. Int.},
   Volume = {154},
   Pages = {168-179},
   Year = {2006} }



@article{
morel81,
   Author = {Morel, P. and Irving, E.},
   Title = {Paleomagnetism and the evolution of Pangea},
   Journal = {J. Geophys. Res.},
   Volume = {86},
   Pages = {1858-1872},
   Year = {1981} }



@article{
moskowitz93b,
   Author = {Moskowitz, B. M.},
   Title = {High-temperature magnetostriction of magnetite and titanomagnetites},
   Journal = {J. Geophy.  Res.},
   Volume = {98},
   Pages = {359-371},
   Year = {1993} }



@article{
moskowitz81,
   Author = {Moskowitz, B. M. and Banerjee, S. K.},
   Title = {A comparison of the magnetic properties of synthetic titanomaghemites and
some ocean basalts},
   Journal = {J. Geophys. Res.},
   Volume = {86},
   Pages = {11869-11882},
   Year = {1981} }



@article{
moskowitz08,
   Author = {Moskowitz, B.M. and Bazylinski, D.A. and Egli, R. and Frankel, R.B. and Edwards, K.J.},
   Title = {Magnetic properties of marine magnetotactic bacteria in a seasonally stratified coastal pond (Salt Pond, MA, USA)},
   Journal = {Geophys. J. Int.},
   Volume = {174},
   Pages = {75-92},
   Year = {2008} }



@article{
moskowitz93,
   Author = {Moskowitz, B. M. and Frankel, R. B. and Bazylinski, D. A.},
   Title = {Rock magnetic criteria for the detection of biogenic magnetite},
   Journal = {Earth Planet. Sci. Lett.},
   Volume = {120},
   Number = {3-4},
   Pages = {283-300},
   Year = {1993} }



@misc{
mueller97,
   Author = {Mueller, R.D. and Roest, W.R. and Royer, J.Y. and Gahagan, L.<. and Sclater, J. G.},
   Title = {A digital age map of the ocean floor},
   Publisher = {Scripps Institution of Oceanography},
         Year = {1997} }



@article{
muscheler05,
   Author = {Muscheler, R. and Beer, J. and Kubik, P.W. and Synal, H.-A.},
   Title = {Geomagnetic field intensity during the last 60,000 years based on $^{10}$Be and $^{36}$Cl from the Summit ice cores and $^{14}$C},
   Journal = {Quat. Sci. Rev.},
   Volume = {24},
   Pages = {1849-1860},
   Year = {2005} }



@article{
muttoni03,
   Author = {Muttoni, G. and Kent, D. V. and Garzanti, E. and Brack, P. and Abrahamsen, N. and Gaetani, M.},
   Title = {Early Permian Pangea 'B' to Late permian Pangea 'A'},
   Journal = {Earth Planet. Sci. Lett.},
   Volume = {215},
   Pages = {379-394},
   Year = {2003} }



@article{
neel49,
   Author = {N\'eel, L.},
   Title = {Th\' eorie du trainage magn\' etique des ferromagn\' etiques en grains fines avec applications aux terres cuites},
   Journal = {Ann. Geophys.},
   Volume = {5},
   Pages = {99--136},
   Year = {1949} }



@article{
neel55,
   Author = {N\'eel, L.},
   Title = {Some Theoretical Aspects of Rock-Magnetism},
   Journal = {Adv. Phys},
   Volume = {4},
   Pages = {191-243},
   Year = {1955} }



@book{
nagata61,
   Author = {Nagata, T.},
   Title = {Rock Magnetism},
   Publisher = {Maruzen},
   Address = {Tokyo},
   Year = {1961} }



@article{
nagata63,
   Author = {Nagata, T. and Arai, Y. and Momose, K.},
   Title = {Secular variation of the geomagnetic total force during the last 5000 years},
   Journal = {J. Geophys. Res.},
   Volume = {68},
   Pages = {5277-5282},
   Year = {1963} }



@incollection{
needham62,
   Author = {Needham, J.},
   Title = {Science and Civilisation in China},
   BookTitle = {Physics and Physical Technology, Part 1 Physics},
   Publisher = {Cambridge University Press},
   Address = {Cambridge},
   Volume = {4},
   Year = {1962} }



@article{
newell90,
   Author = {Newell, A. J. and Dunlop, D. J. and Enkin, R. J.},
   Title = {Temperature dependence of critical sizes, wall widths and moments in
two-domain magnetite grains},
   Journal = {Phys. Earth Planet. Inter.},
   Volume = {65},
   Pages = {165--176},
   Year = {1990} }



@book{
nye57,
   Author = {Nye, J. F.},
   Title = {Physical Properties of Crystals},
   Publisher = {Oxford University Press},
   Address = {Oxford},
   Year = {1957} }



@book{
oreilly84,
   Author = {O'Reilly, W.},
   Title = {Rock and Mineral Magnetism},
   Publisher = {Blackie},
   Year = {1984} }



@article{
ogg84,
   Author = {Ogg, J. G. and Steiner, M. B. and Oloriz, F. and Tavera, J. M.},
   Title = {Jurassic magnetostratigraphy, 1. Kimmeridgian-Tithonian of Sierra Gorda and
Cacabuey, southern Spain},
   Journal = {Earth Planet Sci. Lett.},
   Volume = {71},
   Pages = {147-162},
   Year = {1984} }



@article{
olsen00,
   Author = {Olsen, N. and Sabaka, T. and Toffner-Clausen, L.},
   Title = {Determination of the IGRF 2000 model},
   Journal = {Earth Planet. Sci. Lett.},
   Volume = {52},
   Pages = {1175-1182},
   Year = {2000} }



@article{
onstott80,
   Author = {Onstott, T. C.},
   Title = {Application of the Bingham Distribution Function in paleomagnetic studies},
   Journal = {J. Geophys. Res.},
   Volume = {85},
   Pages = {1500-1510},
   Year = {1980} }



@incollection{
opdyke95,
   Author = {Opdyke, N.D.},
   Title = {Magnetostratigraphy of Permo-Carboniferous time},
   BookTitle = {Geochronology Time Scales and global Stratigraphic Correlation},
   Editor = {Berggren, W.A. and Kent, D.V. and Aubry, M.-P. and Hardenbol, J.},
   Publisher = {SEPM},
   Address = {Tulsa, Oklahoma},
   Pages = {129-212},
   Year = {1995} }



@article{
opdyke74,
   Author = {Opdyke, N. D. and Burckle, L. H. and Todd, A.},
   Title = {The extension of the magnetic time scale in sediments of the Central Pacific
Ocean},
   Journal = {Earth Planet. Sci. Lett.},
   Volume = {22},
   Pages = {300-306},
   Year = {1974} }



@book{
opdyke96,
   Author = {Opdyke, N. D. and Channell, J. E. T.},
   Title = { Magnetic Stratigraphy},
   Publisher = {Academic  Press},
   Year = {1996} }



@article{
opdyke66,
   Author = {Opdyke, N. D. and Glass, B. and Hays, J. D. and Foster, J.},
   Title = {Paleomagnetic study of Antarctic deep-sea cores},
   Journal = {Science},
   Volume = {154},
   Pages = {349--357},
   Year = {1966} }



@book{
oreskes01,
   Author = {Oreskes, N.},
   Title = {Plate Tectonics: An insider's history of the modern theory of the Earth},
   Publisher = {Westview Press},
   Address = {Boulder, CO},
   Year = {2001} }



@article{
owens74,
   Author = {Owens, W. H.},
   Title = {Mathematical model studies on factors affecting the magnetic anisotropy of
deformed rocks},
   Journal = {Tectonophysics},
   Volume = {24},
   Pages = {115-131.},
   Year = {1974} }



@article{
lebti08,
   Author = {Paquereau-Lebti, P. and Fornari, M. and Roperch, P. and Thouret, J. C. and Macedo, O.},
   Title = {Paleomagnetism, magnetic fabric, and Ar-40/Ar-39 dating of Pliocene and Quaternary ignimbrites in the Arequipa area, southern Peru},
   Journal = {Bull. Volcanol.},
   Volume = {70},
   Number = {8},
   Pages = {977-997},
   Year = {2008} }

@article{paterson14,
   author = {Paterson, G. and Tauxe, L. and Biggin, A. and Shaar, R. and Jonestrask, L.C.},
   title = {On improving the selection of Thellier-type paleointensity data},
   journal = {Geochem. Geophys. Geosys.},
   volume = {15},
   pages = {1-13},
   doi = {10.1002/2013GC005135},
   year = {2014}
}


@article{
pauthenet51,
   Author = {Pauthenet, R. and Bochinrol, L.},
   Title = {Aimantation spontan\'ee des ferrites},
   Journal = {J. Physique Radium},
   Volume = {12},
   Pages = {249-251},
   Year = {1951} }



@article{
perrin04,
   Author = {Perrin, M. and Schnepp, E.},
   Title = {IAGA paleointensity database: distribution and quality of the data set},
   Journal = {Phys. Earth Planet. Int.},
   Volume = {147},
   Number = {2-3},
   Pages = {255-267},
   Year = {2004} }



@article{
petrovsky00,
   Author = {Petrovsky, E. and Kapicka, A. and Jordanova, N. and Knab, M. and Hoffmann, V.},
   Title = {Low-field magnetic susceptibility: a proxy method of estimating increased pollution of different environmental systems},
   Journal = {Environmental Geology},
   Volume = {39},
   Pages = {doi:10.1007/s002540050010, 312-318},
   Year = {2000} }



@article{
pick93,
   Author = {Pick, T. and Tauxe, L.},
   Title = {Geomagnetic paleointensities during the Cretaceous normal superchron
measured using submarine basaltic glass},
   Journal = {Nature},
   Volume = {366},
   Pages = {238-242},
   Year = {1993} }



@article{
pick94,
   Author = {Pick, T. and Tauxe, L.},
   Title = {Characteristics of magnetite in submarine basaltic glass},
   Journal = {Geophys. J. Int.},
   Volume = {119},
   Pages = {116-128},
   Year = {1994} }



@article{
pike01,
   Author = {Pike, Christopher R. and Roberts, Andrew P. and Dekkers, Mark J. and Verosub, Kenneth L.},
   Title = {An investigation of multi-domain hysteresis mechanisms using FORC diagrams},
   Journal = {Physics of The Earth and Planetary Interiors},
   Volume = {126},
   Number = {1-2},
   Pages = {11-25},
   Year = {2001} }



@article{
pike99,
   Author = {Pike, C.R. and Roberts, A.P. and Verosub, K.L.},
   Title = {Characterizing interactions in fine magnetic particle systems using first order reversal curves},
   Journal = {J. Appl. Phys.},
   Volume = {85},
   Pages = {6660-6667},
   Year = {1999} }



@article{
pitman66,
   Author = {Pitman, W. C. Iii and Heirtzler, J. R.},
   Title = {Magnetic anomalies over the Pacific Antarctic ridge},
   Journal = {Science},
   Volume = {154},
   Pages = {1164--1171},
   Year = {1966} }



@article{
plenier02,
   Author = {Plenier, G. and Camps, P. and Henry, B. and Nicolaysen, K.},
   Title = {Palaeomagnetic study of Oligocene (24-30 Ma) lava flows from the Kerguelen Archipelago (southern Indian Ocean): directional analysis and magnetostratigraphy},
   Journal = {Phys. Earth Planet. Int.},
   Volume = {133},
   Pages = {127-146},
   Year = {2002} }



@article{
plenier07,
   Author = {Plenier, G. and Valet, J. P. and Gu\'erin, G. and Lef\`evre, J.-C. and LeGoff, M. and Carter-Stiglitz, B.},
   Title = {Origin and age of the directions recorded during the Laschamp even in the Cha\^ine des Puys (France)},
   Journal = {Earth Planet. Sci. Lett.},
   Volume = {259},
   Pages = {424-431},
   Year = {2007} }



@incollection{
pokorny04,
   Author = {Pokorny, J. and Suza, P. and Hrouda, F.},
   Title = {Anisotropy of magnetic susceptibility of rocks measured in variable weak magnetic fields using the KLY-4S Kappabridge},
   BookTitle = {Magnetic Fabric: Methods and Applications},
   Editor = {al., Mart\'in-Hern/'andez et},
   Publisher = {Geol. Soc. Spec. Publ.},
   Volume = {238},
   Pages = {69-76},
   Year = {2004} }



@article{
potter05,
   Author = {Potter, D.K. and Stephenson, A.},
   Title = {New observations and theory of single-domain magnetic moments},
   Journal = {J. Physics: Conf. Series},
   Volume = {17},
   Pages = {168-173},
   Year = {2005} }



@article{
prevot93,
   Author = {Pr\'evot, M. and Camps, P.},
   Title = {Absence of preferred longitude sectors for poles from volcanic records of
geomagnetic reversals},
   Journal = {Nature},
   Volume = {366},
   Pages = {53--57},
   Year = {1993} }



@article{
prevot90,
   Author = {Pr\'evot, M. and Derder, M. E. M. and McWilliams, M. and Thompson, J.},
   Title = {Intensity of the Earth's magnetic field: evidence for a Mesozoic dipole low},
   Journal = {Earth Planet. Sci. Lett.},
   Volume = {97},
   Pages = {129-139},
   Year = {1990} }



@article{
press86,
   Author = {Press, W. H. and Flannery, B. P. and Teukolsky, S. a. and Vetterling, W. T.},
   Title = {Numerical Recipes: the Art of Scientific Computing},
   Year = {1986} }



@article{
pullaiah75,
   Author = {Pullaiah, G. and Irving, E. and Buchan, K.L. and Dunlop, D.J.},
   Title = {Magnetization Changes Caused by Burial and Uplift},
   Journal = {Earth Planet. Sci. Lett.},
   Volume = {28},
   Pages = {133-143},
   Year = {1975} }



@book{
ramsay67,
   Author = {Ramsay, J. G.},
   Title = {Folding and fracturing of rocks},
   Publisher = {McGraw Hill},
   Year = {1967} }



@article{
randall96,
   Author = {Randall, D.E. and Taylor, G.K.},
   Title = {Major crustal rotations in the Andean margin: Paleomagnetic results from the Coastal Cordillera of northern Chile},
   Journal = {J. Geophys. Res.},
   Volume = {101},
   Pages = {15783-15798},
   Year = {1996} }



@article{
reeves18,
   Author = {Reeves, E.A.},
   Title = {Halley's magnetic variation charts},
   Journal = {The Geographical Journal},
   Volume = {51},
   Pages = {237-240},
   Year = {1918} }



@article{
reynolds82,
   Author = {Reynolds, R.L.},
   Title = {Post-depositional alteration of titanomagnetite in a Miocene sandstone, south Texas (U.S.A.)},
   Journal = {Earth Planet. Sci. Lett.},
   Volume = {61},
   Number = {2},
   Pages = {381-391},
   Year = {1982} }



@article{
reynolds85,
   Author = {Reynolds, R.L. and Hudson, M.R. and Fishman, N.S. and Campbell, J..},
   Title = {Paleomagnetic and petrologic evidence bearing on the age and origin of uranium deposits in the Permian Cutler Formation, Lisbon Valley, Utah},
   Journal = {Bull. Geol. Soc. Amer.},
   Volume = {96},
   Pages = {719-730},
   Year = {1985} }



@article{
riisager05,
   Author = {Riisager, P. and Knight, K.B. and Baker, J.A. and Peate, I.U. and Al-Kadasi, M. and Al-Subbary, A. and Renne, P.R.},
   Title = {Paleomagnetism and $^{40}$Ar/$^{39}$Ar geochronology of Yemeni Oligocene volcanics: Implications for timing and duration of Afro-Arabian traps and geometry of the Oligocene paleomagnetic field},
   Journal = {Earth Planet. Sci. Lett.},
   Volume = {237},
   Pages = {647-672},
   Year = {2005} }



@article{
riisager01,
   Author = {Riisager, P. and Riisager, J.},
   Title = {Detecting multidomain magnetic grains in Thellier palaeointensity experiments},
   Journal = {Phys. Earth Planet. Inter.},
   Volume = {125},
   Number = {1-4},
   Pages = {111-117},
   Year = {2001} }



@article{
riisager02,
   Author = {Riisager, P. and Riisager, J. and Abrahamsen, N. and Waagstein, R.},
   Title = {Thellier palaeointensity experiments on Faroes flood basalts: technical aspects and geomagnetic implications},
   Journal = {Phys. Earth Planet. Inter.},
   Volume = {131},
   Number = {2},
   Pages = {91-100},
   Year = {2002} }



@article{
roberts95,
   Author = {Roberts, A. P.},
   Title = {Magnetic properties of sedimentary greigite (Fe$_3$S$_4$)},
   Journal = {Earth Planet. Sci. Lett.},
   Volume = {134},
   Pages = {227--236},
   Year = {1995} }



@article{
roberts72,
   Author = {Roberts, P.H. and Stix, M.},
   Title = {$\alpha$- effect dynamos, by the Bullard-Gellman formalism},
   Journal = {Astron. Astrophys.},
   Volume = {18},
   Pages = {453-466},
   Year = {1972} }



@article{
robertson94,
   Author = {Robertson, D. J. and France, D. E.},
   Title = {Discrimination of remanence-carrying minerals in mixtures, using isothermal remanent magnetisation acquisition curves},
   Journal = {Phys. Earth Planet. Int.},
   Volume = {82},
   Number = {3-4},
   Pages = {223-234},
   Year = {1994} }



@article{
robinson02,
   Author = {Robinson, P. and Harrison, R.J. and McEnroe, S.A. and Hargraves, R. B.},
   Title = {lamellar magnetism in the hematite-ilmenite series as an explanation for strong remanent magnetization},
   Journal = {Nature},
   Volume = {418},
   Pages = {517-520},
   Year = {2002} }



@article{
robinson04,
   Author = {Robinson, P. and Harrison, R.J. and McEnroe, S.A. and Hargraves, R.B.},
   Title = {Nature and origin of lamellar magnetism in the hematite-ilmenite series},
   Journal = {Amer. Min.},
   Volume = {89},
   Pages = {725-747},
   Year = {2004} }



@article{
rochette90,
   Author = {Rochette, P.  and Fillion, G.  and Matt\' ei, J. L.  and Dekkers, M. J. },
   Title = {Magnetic transition at 30-34 Kelvin in pyrrhotite: insight into a widespread
occurrence of this mineral in rocks},
   Journal = {Earth Planet. Sci. Lett.},
   Volume = {98},
   Pages = {319--328},
   Year = {1990} }



@article{
rolph85,
   Author = {Rolph, T. C. and Shaw, J.},
   Title = {A new method of palaeofield magnitude correction for thermally altered samples and its application to Lower Carboniferous lavas},
   Journal = {Geophys. J. R. astr. Soc.},
   Volume = {80},
   Pages = {773--781},
   Year = {1985} }



@article{
rosenbaum02,
   Author = {Rosenbaum, G. and Lister, G.S. and Duboz, C.},
   Title = {Relative motions of Africa, Iberia and Europe during Alpine orogeny},
   Journal = {Tectonophysics},
   Volume = {359},
   Pages = {117-129},
   Year = {2002} }



@article{
rosenbaum96,
   Author = {Rosenbaum, J.G. and Reynolds, R.L. and Adam, D.P; and Drexler, J. and Sarna-Wojcicki, A.M. and Whitney, G.C.},
   Title = {A middle Pleistocene climate record from Buck Lake, Cascade Range, southern Oregon--evidence from sediment magnetism, trace-element geochemistry, and pollen},
   Journal = {Geol. Soc. Amer. Bull.},
   Volume = {108},
   Pages = {1328-1341},
   Year = {1996} }



@article{
royer92,
   Author = {Royer, J.Y. and Mueller, R.D. and Gahagan, L.M. and Lawver, L. and Mayes, C.L. and Nuernberg, D. and Sclater, J. G.},
   Title = {A Global Isochron Chart},
   Journal = {Univ. Texas Inst.  Geophys. Tech. Rept.},
   Volume = {117},
   Year = {1992} }



@article{
sbarbori08,
   Author = {Sbarbori, E. and Tauxe, L. and Goguitchaichvili, A. and Urrutia-Fucugauchi, J. and Bohrson, W.A.},
   Title = {Paleomagnetic behavior of volcanic rocks from Isla Socorro, Mexico},
   Journal = {Earth Planets and Space},
   Volume = {in press},
   Year = {2008} }



@article{
schabes88,
   Author = {Schabes, M. E. and Bertram, H. N.},
   Title = {Magnetization processes in ferromagnetic cubes},
   Journal = {J. Appl. Phys.},
   Volume = {64},
   Pages = {1347--1357},
   Year = {1988} }



@article{
scheidegger65,
   Author = {Scheidegger, A. E.},
   Title = {On the statistics of the orientation of bedding planes, grain axes, and
similar sedimentological data},
   Journal = {U.S. Geol. Surv. Prof. Pap.},
   Volume = {525-C},
   Pages = {164--167},
   Year = {1965} }



@article{
schlinger91,
   Author = {Schlinger, C.M. and Veblen, D.R. and Rosenbaum, J.G.},
   Title = {Magnetism and magnetic mineralogy of ash flow tuffs from Yucca Mountain, Nevada},
   Journal = {J. Geophys. Res.},
   Volume = {96},
   Pages = {6035-6052},
   Year = {1991} }



@article{
schnepp08,
   Author = {Schnepp, E. and Worm, K. and Scholger, R.},
   Title = {Improved sampling techniques for baked clay and soft sediments},
   Journal = {Phys. Chem. Earth},
   Volume = {33},
   Number = {6-7},
   Pages = {407-413},
   Year = {2008} }



@article{
schwehr03,
   Author = {Schwehr, K. and Tauxe, L.},
   Title = {Characterization of soft-sediment deformation: Detection of cryptoslumps using magnetic methods},
   Journal = {Geology},
   Volume = {31},
   Number = {3},
   Pages = {203-206},
   Year = {2003} }



@article{
selkin07,
   Author = {Selkin, P. and Gee, J. S. and Tauxe, L.},
   Title = {Nonlinear thermoremanence acquisition and implications for paleointensity data},
   Journal = {Earth Planet. Sci. Lett.},
   Volume = {256},
   Pages = {81-89},
   Year = {2007} }



@article{
selkin00,
   Author = {Selkin, P. and Tauxe, L.},
   Title = {Long-term variations in paleointensity},
   Journal = {Phil. Trans. Roy. Soc. Lond.},
   Volume = {358},
   Pages = {1065-1088},
   Year = {2000} }



@article{
selkin00b,
   Author = {Selkin, P.A. and Gee, J.S. and Tauxe, L. and Meurer, W.P. and Newell, A.},
   Title = {The effect of remanence anisotropy on paleointensity estimates: A case study from the Archean Stillwater complex},
   Journal = {Earth Planet. Sci. Lett.},
   Volume = {182},
   Pages = {403-416},
   Year = {2000} }

@article{shaar11,
   author = {Shaar, R. and Ben Yosef, E. and Ron, H. and Tauxe, L. and Agnon, A. and Kessel, R.},
   title = {Geomagnetic field intensity: How high can it get? How fast can it change? Constraints from Iron-Age copper-slag},
   journal = {Earth and Planetary Science Letters},
   volume = {301},
   pages = {297-306},
   doi = {10.1016/j.epsl.2010.11.013},
   year = {2011}
}



@article{
shackleton90,
   Author = {Shackleton, N. J. and Berger, A. and Peltier, W. R.},
   Title = {An alternative astronomical calibration of the lower Pleistocene timescale
based on {ODP} Site 677},
   Journal = {Trans. Roy. Soc. Edinburgh: Earth Sciences},
   Volume = {81},
   Pages = {251--261},
   Year = {1990} }



@article{
shackleton00,
   Author = {Shackleton, N.J. and Hall, M.A. and Raffi, I. and Tauxe, L. and Zachos, J.},
   Title = {Astronomical  calibration age for the Oligocene-Miocene boundary},
   Journal = {Geology},
   Volume = {28},
   Pages = {447-450},
   Year = {2000} }



@article{
shaw74,
   Author = {Shaw, J.},
   Title = {A new method of determining the magnitude of the paleomagnetic field application to 5 historic lavas and five archeological samples},
   Journal = {Geophys. J. R. astr. Soc.},
   Volume = {39},
   Pages = {133-141},
   Year = {1974} }



@article{
shcherbakov83,
   Author = {Shcherbakov, V.P. and Shcherbakova, V.V.},
   Title = {On the theory of depositional remanent magnetization in sedimentary rocks},
   Journal = {Geophys. Surv.},
   Volume = {5},
   Pages = {369-380},
   Year = {1983} }



@article{
shibuya92,
   Author = {Shibuya, H. and Cassidy, J. and Smith, I.E.M. and Itaya, T.},
   Title = {Geomagnetic excursion in the Brunhes Epoch recorded in New-Zealand basalts},
   Journal = {Earth Planet. Sci. Lett.},
   Volume = {111},
   Pages = {10-48},
   Year = {1992} }



@article{
si01,
   Author = {Si, J and van der Voo, R.},
   Title = {Too-low magnetic inclinations in central Asia: an indication of a long-term Tertiary non-dipole field?},
   Journal = {Terra Nova},
   Volume = {13},
   Pages = {471-478},
   Year = {2001} }



@article{
smith70,
   Author = {Smith, A.G. and Hallam, A.},
   Title = {The fit of the southern continents},
   Journal = {Nature},
   Volume = {225},
   Pages = {139-144},
   Year = {1970} }



@article{
smith67,
   Author = {Smith, P. J.},
   Title = {The intensity of the ancient geomagnetic field: a review and analysis},
   Journal = {Geophys. J.R. astr. Soc.},
   Volume = {12},
   Pages = {321-362},
   Year = {1967} }



@article{
snowball90,
   Author = {Snowball, I. and Thompson, R.},
   Title = {A stable chemical remanence in Holocene sediments},
   Journal = {J. Geophys. Res.},
   Volume = {95},
   Pages = {4471-4479},
   Year = {1990} }



@incollection{
snowball99,
   Author = {Snowball, I. and Torii, M.},
   Title = {Incidence oand significance of magnetic iron sulphides inQuaternary sediments and soil},
   BookTitle = {Quaternary Climates, Environments and Magnetism},
   Editor = {Maher, B.A. and Thompson, R.},
   Publisher = {Cambridge University Press},
   Pages = {199-230},
   Year = {1999} }



@article{
snowball97,
   Author = {Snowball, I.F.},
   Title = {Gyroremanent magnetization and the magnetic properties of greigite-bearing clays in southern Sweden},
   Journal = {Geophys. J. Int.},
   Volume = {129},
   Pages = {624-636},
   Year = {1997} }



@article{
song96,
   Author = {Song, X. and Richards, P. G.},
   Title = {Seismological evidence for differential rotation of the Earth's inner core},
   Journal = {Nature},
   Volume = {382},
   Pages = {221-224},
   Year = {1996} }



@article{
spender72,
   Author = {Spender, M. R. and Coey, J. M. D. and Morrish, A. H.},
   Title = {The magnetic properties and Mossbauer spectra of synthetic samples of Fe$_3$S$_4$},
   Journal = {Can. J. Phys.},
   Volume = {50},
   Pages = {2313--2326},
   Year = {1972} }



@article{
stacey72,
   Author = {Stacey, F. D.},
   Title = {On the role of Brownian motion in the control of detrital remanent magnetization of sediments},
   Journal = {Pure Appl. Geophys.},
   Volume = {98},
   Pages = {139--145},
   Year = {1972} }



@book{
stacey74,
   Author = {Stacey, F. D. and Banerjee, S. K.},
   Title = {The Physical Principles of Rock Magnetism},
   Publisher = {Elsevier Sci. Publ. Co.},
   Volume = {5},
   Series = {Developments in Solid Earth Geophysics},
   Year = {1974} }



@article{
stacey60,
   Author = {Stacey, F. D. and Joplin, G. and Lindsay, J.},
   Title = {Magnetic anisotropy and fabric of some foliated rocks from S.E. Australia},
   Journal = {Geophysica Pura Appl.},
   Volume = {47},
   Pages = {30-40},
   Year = {1960} }



@article{
stacey61,
   Author = {Stacey, F. D. and Lovering, J. F. and Parry, L. G.},
   Title = {Thermomagnetic properties, natural magnetic moments, and magnetic
anisotropies of some chondritic meteorites},
   Journal = {J. Geophys. Res.},
   Volume = {66},
   Pages = {1523-1534},
   Year = {1961} }



@article{
staudigel92,
   Author = {Staudigel, H. and Gee, J. and Tauxe, L. and Varga, R.},
   Title = {Shallow Intrusive Directions of Sheeted Dikes in the Troodos Ophiolite
Magnetic anisotropy of Susceptibility and Structural Data},
   Journal = {Geology},
   Volume = {20},
   Pages = {841-844},
   Year = {1992} }



@article{
steiner75,
   Author = {Steiner, M.B. and Helsley, C.E.},
   Title = {Reversal pattern and apparent polar wander for the Late Jurassic},
   Journal = {Geol. Soc. Amer. Bull.},
   Volume = {68},
   Pages = {1537-1543},
   Year = {1975} }



@article{
stephenson81,
   Author = {Stephenson, A.},
   Title = {Gyromagnetic remanence and anisotropy in single-domain particles, rocks, and magnetic recording tape},
   Journal = {Phil. Mag.},
   Volume = {B44},
   Pages = {635-664},
   Year = {1981} }



@article{
stephenson93,
   Author = {Stephenson, A.},
   Title = {Three-axis static alternating field demagnetization of rocks and the identification of NRM, gyroremanent magnetization, and anisotropy},
   Journal = {J. Geophys. Res},
   Volume = {98},
   Pages = {373-381},
   Year = {1993} }



@article{
stephenson86,
   Author = {Stephenson, A. and Sadikern, S. and Potter, D. K.},
   Title = {A theoretical and experimental comparison of the susceptibility and remanence in rocks and minerals},
   Journal = {Geophys. J. R. astr. Soc.},
   Volume = {84},
   Pages = {185-200},
   Year = {1986} }



@article{
stokking90b,
   Author = {Stokking, L. and Tauxe, L.},
   Title = {Multi-component magnetization in synthetic hematite},
   Journal = {Phys. Earth Planet. Inter.},
   Volume = {65},
   Pages = {109--124},
   Year = {1990b} }



@article{
stokking90,
   Author = {Stokking, L. and Tauxe, L. B.},
   Title = {Properties of chemical remanence in synthetic hematite: testing theoretical predictions},
   Journal = {J. Geophys. Res.},
   Volume = {95},
   Pages = {12639--12652},
   Year = {1990a} }



@article{
stoner48,
   Author = {Stoner, E, C. and Wohlfarth, W. P.},
   Title = {A mechanism of magnetic hysteresis in heterogeneous alloys},
   Journal = {Phil. Trans. Roy. Soc. Lond.},
   Volume = {A240},
   Pages = {599--642},
   Year = {1948} }



@article{
strik03,
   Author = {Strik, G. and Blake, T. S. and Zegers, T. E. and White, S. H. and Langereis, C. G.},
   Title = {Palaeomagnetism of flood basalts in the Pilbara Craton, Western Australia: Late Archaean continental drift and the oldest known reversal of the geomagnetic field},
   Journal = {J. Geophys. Res},
   Volume = {108},
   Pages = {doi:10.1029/2003JB002475},
   Year = {2003} }



@article{
sugiura79,
   Author = {Sugiura, N.},
   Title = {{ARM}, {TRM} and magnetic interactions: concentration dependence},
   Journal = {Earth Planet. Sci. Lett.},
   Volume = {42},
   Pages = {451--455},
   Year = {1979} }



@article{
syono63,
   Author = {Syono, Y. and Ishikawa, Y.},
   Title = {Magnetocrystalline anisotropy of xFe$_2$TiO$_4\cdot(1-x)$Fe$_3$O$_4$},
   Journal = {J. Phys. Soc. Japan},
   Volume = {18},
   Pages = {1230-1231},
   Year = {1963} }



@article{
tan03,
   Author = {Tan, X. D. and Kodama, K. P. and Chen, H. L. and Fang, D. J. and Sun, D. J. and Li, Y. A.},
   Title = {Paleomagnetism and magnetic anisotropy of Cretaceous red beds from the Tarim basin, northwest China: Evidence for a rock magnetic cause of anomalously shallow paleomagnetic inclinations from central Asia},
   Journal = {J. Geophys. Res},
   Volume = {108},
   Number = {B2},
   Year = {2003} }



@article{
tanaka99,
   Author = {Tanaka, H.},
   Title = {Circular asymmetry of the paleomagnetic directions observed at low latitude volcanic sites},
   Journal = {Earth Planets Space},
   Volume = {51},
   Pages = {1279-1286},
   Year = {1999} }



@article{
tarduno01,
   Author = {Tarduno, J. A. and Cottrell, R. D. and Smirnov, A. V.},
   Title = {High geomagnetic intensity during the mid-Cretaceous from Thellier analyses of single plagioclase crystals},
   Journal = {Science},
   Volume = {291},
   Number = {5509},
   Pages = {1779-1783},
   Year = {2001} }



@article{
tarduno02,
   Author = {Tarduno, J. A. and Cottrell, R. D. and Smirnov, A. V.},
   Title = {The Cretaceous superchron geodynamo: Observations near the tangent cylinder},
   Journal = {Proc. Natl. Acad. Sci. U. S. A.},
   Volume = {99},
   Number = {22},
   Pages = {14020-14025},
   Year = {2002} }



@article{
tarduno06,
   Author = {Tarduno, J.A. and Cottrell, R.D. and Smirnov, A.V.},
   Title = {The paleomagnetism of single silicate crystals: recording geomagnetic field strength during mixed polarity intervals, superchrons, and inner core growth},
   Journal = {Rev. Geohys.},
   Volume = {44},
   Pages = {RG1002, doi:10.1029/2005RG000189},
   Year = {2006} }



@book{
tarling93,
   Author = {Tarling, D. H. and Hrouda, F.},
   Title = {The Magnetic Anisotropy of Rocks},
   Publisher = {Springer},
   Year = {1993} }



@article{
tauxe93,
   Author = {Tauxe, L.},
   Title = {Sedimentary records of relative paleointensity of the geomagnetic field: theory and practice},
   Journal = {Rev. Geophys.},
   Volume = {31},
   Pages = {319--354},
   Year = {1993} }



@book{
tauxe98,
   Author = {Tauxe, L.},
   Title = {Paleomagnetic Principles and Practice},
   Publisher = {Kluwer Academic Publishers},
   Address = {Dordrecht},
   Year = {1998} }



@article{
tauxe05,
   Author = {Tauxe, L.},
   Title = {Inclination flattening and  the geocentric axial dipole hypothesis},
   Journal = {Earth Planet. Sci. Lett.},
   Volume = {233},
   Pages = {247-261},
   Year = {2005} }



@article{
tauxe06,
   Author = {Tauxe, L.},
   Title = {Depositional remanent magnetization: Toward an improved theoretical and experimental foundation},
   Journal = {Earth Planet. Sci. Lett.},
   Volume = {244},
   Pages = {515-529},
   Year = {2006} }



@article{
tauxe06b,
   Author = {Tauxe, L.},
   Title = {Long-term trends in paleointensity: The contribution of DSDP/ODP submarine basaltic glass collections},
   Journal = {Phys. Earth Planet. Int.},
   Volume = {156},
   Number = {3-4},
   Pages = {223-241},
   Year = {2006} }



@article{
tauxe02,
   Author = {Tauxe, L. and Bertram, H.N. and Seberino, C.},
   Title = {Physical interpretation of hysteresis loops:  Micromagnetic 
modelling of fine particle magnetite},
   Journal = {Geochem., Geophys., Geosyst.},
   Volume = {3},
   Pages = {DOI 10.1029/  2001GC000280},
   Year = {2002} }



@article{
tauxe83b,
   Author = {Tauxe, L. and Besse, J. and LaBrecque, J. L.},
   Title = {Paleolatitudes from DSDP Leg 73 sediment cores and implications for the APWP for Africa},
   Journal = {Geophys. J. R. astr. Soc.},
   Volume = {73},
   Pages = {315-324},
   Year = {1983} }



@article{
tauxe03b,
   Author = {Tauxe, L. and Constable, C.G. and Johnson, C.L. and Miller, W.R. and Staudigel, H.},
   Title = {Paleomagnetism of the Southwestern U.S.A. recorded by 0-5 Ma igneous rocks},
   Journal = {Geochem., Geophys., Geosyst.},
   Pages = {DOI 10.1029/2002GC000343},
   Year = {2003} }



@article{
tauxe90,
   Author = {Tauxe, L. and Constable, C. G. and Stokking, L. B. and Badgley, C.},
   Title = {The use of anisotropy to determine the origin of characteristic remanence in the Siwalik red beds of northern Pakistan},
   Journal = {J. Geophys. Res.},
   Volume = {95},
   Pages = {4391--4404},
   Year = {1990} }



@article{
tauxe98b,
   Author = {Tauxe, L. and Gee, J.S. and Staudigel, H.},
   Title = {Flow directions in dikes from anisotropy of magnetic susceptibility data:  The bootstrap way},
   Journal = {J. Geophys. Res},
   Volume = {103},
   Number = {B8},
   Pages = {17,775-17,790},
   Year = {1998} }



@article{
tauxe97,
   Author = {Tauxe, L. and Hartl, P.},
   Title = {11 million years of Oligocene geomagnetic field behaviour},
   Journal = {Geophys. J. Int.},
   Volume = {128},
   Pages = {217-229},
   Year = {1997} }



@article{
tauxe96,
   Author = {Tauxe, L. and Herbert, T. and Shackleton, N. J. and Kok, Y. S.},
   Title = {Astronomical calibration of the Matuyama Brunhes Boundary: consequences for magnetic remanence acquisition in marine carbonates and the Asian loess sequences},
   Journal = {Earth Planet. Sci. Lett.},
   Volume = {140},
   Pages = {133-146},
   Year = {1996} }



@article{
tauxe84,
   Author = {Tauxe, L. and Kent, D. V.},
   Title = {Properties of a detrital remanence carried by hematite from study of modern river deposits and laboratory redeposition experiments},
   Journal = {Geophys. J. Roy. astr. Soc.},
   Volume = {76},
   Pages = {543--561},
   Year = {1984} }



@incollection{
tauxe04d,
   Author = {Tauxe, L. and Kent, D. V.},
   Title = {A simplified statistical model for the geomagnetic field and the detection of shallow bias in paleomagnetic inclinations: Was the ancient magnetic field dipolar?},
   BookTitle = {Timescales of the Paleomagnetic Field},
   Editor = {Channell, J.E.T. and Kent, D.V. and Lowrie, W. and Meert, J.G.},
   Publisher = {American Geophysical Union},
   Address = {Washington, D.C.},
   Volume = {145},
   Pages = {101-116},
   Year = {2004} }



@article{
tauxe08,
   Author = {Tauxe, L. and Kodama, K.P. and Kent, D. V.},
   Title = {Testing corrections for paleomagnetic inclination error in sedimentary rocks: a comparative approach},
   Journal = {Phys. Earth Planet. Int.},
   Volume = {169},
   Pages = {152-165},
   Year = {2008} }



@article{
tauxe91,
   Author = {Tauxe, L. and Kylstra, N. and Constable, C.},
   Title = {Bootstrap statistics for paleomagnetic data},
   Journal = {J. Geophys. Res},
   Volume = {96},
   Pages = {11723--11740},
   Year = {1991} }



@article{
tauxe04b,
   Author = {Tauxe, L. and Luskin, C. and Selkin, P. and Gans, P. B. and Calvert, A.T.},
   Title = {Paleomagnetic results from the Snake River Plain: Contribution to the global time averaged field database},
   Journal = {Geochem., Geophys., Geosyst.},
   Volume = {Q08H13},
   Pages = {doi:10.1029/2003GC000661},
   Year = {2004} }



@article{
tauxe96b,
   Author = {Tauxe, L. and Mullender, T. A. T. and Pick, T.},
   Title = {Potbellies, wasp-waists, and superparamagnetism in magnetic hysteresis},
   Journal = {Jour. Geophys. Res.},
   Volume = {101},
   Pages = {571-583},
   Year = {1996} }



@article{
95-64,
   Author = {Tauxe, L. and Pick, T. and Kok, Y. S.},
   Title = {Relative paleointensity in sediments; a pseudo-Thellier approach},
   Journal = {Geophys. Res. Lett.},
   Volume = {22},
   Pages = {2885-2888},
   Year = {1995} }



@article{
tauxe04,
   Author = {Tauxe, L. and Staudigel, H.},
   Title = {Strength of the geomagnetic field in the Cretaceous Normal Superchron: New data from submarine basaltic glass of the Troodos Ophiolite},
   Journal = {Geochem. Geophys. Geosyst.},
   Volume = {5},
   Number = {2},
   Pages = {Q02H06, doi:10.1029/2003GC000635},
   Year = {2004} }



@article{
tauxe83,
   Author = {Tauxe, L. and Tucker, P. and Petersen, N. and LaBrecque, J.},
   Title = {The magnetostratigraphy of Leg 73 sediments},
   Journal = {Palaeogeogr. Palaeoclimat. Palaeoecol.},
   Volume = {42},
   Pages = {65-90},
   Year = {1983} }



@article{
tauxe94,
   Author = {Tauxe, L. and Watson, G. S.},
   Title = {The fold test: an eigen analysis approach},
   Journal = {Earth Planet. Sci. Lett.},
   Volume = {122},
   Pages = {331-341},
   Year = {1994} }



@incollection{
tauxe07,
   Author = {Tauxe, L. and Yamazaki, T.},
   Title = {Paleointensities},
   BookTitle = {Geomagnetism},
   Editor = {Kono, M.},
   Series = {Treatise on Geophysics},
   Publisher = {Elsevier},
   Volume = {5},
   Pages = {509-563, doi:10.1016/B978-044452748-6/00098-5 },
   Year = {2007} }



@book{
taylor82,
   Author = {Taylor, J.R.},
   Title = {An Introduction to  Error Analysis: The Study of Uncertainties in Physical Measurements},
   Publisher = {University Science Books},
   Address = {Mill Valley, CA},
   Year = {1982} }



@article{
thellier38,
   Author = {Thellier, E.},
   Title = {Sur l'aimantation des terres cuites et ses applications g\'eophysique},
   Journal = {Ann. Inst. Phys. Globe Univ. Paris},
   Volume = {16},
   Pages = {157-302},
   Year = {1938} }



@article{
thellier59,
   Author = {Thellier, E. and Thellier, O.},
   Title = {Sur l'intensit\' e du champ magn\' etique terrestre dans le pass\' e historique et g\' eologique},
   Journal = {Ann. Geophys.},
   Volume = {15},
   Pages = {285--378},
   Year = {1959} }



@book{
tipler99,
   Author = {Tipler, P.A.},
   Title = {Physics for Scientists and Engineers},
   Publisher = {W.H. Freeman},
   Address = {New York},
   Year = {1999} }



@article{
tivey06,
   Author = {Tivey, M.A. and Sager, W.W. and Lee, S.-M. and Tominaga, M.},
   Title = {Origin of the Pacific Jurassic quiet zone},
   Journal = {Geology},
   Volume = {34},
   Pages = {789-792},
   Year = {2006} }



@article{
torsvik05,
   Author = {Torsvik, T.H. and Cocks, L.R.M.},
   Title = {Norway in space and time: A Centennial Cavalcade},
   Journal = {Norwegian J. Geology},
   Volume = {85},
   Pages = {73-86},
   Year = {2005} }



@article{
torsvik08,
   Author = {Torsvik, T.H. and M\"uller, R.D. and van der Voo, R. and Steinberger, B. and Gaina, C.},
   Title = {Global plate montion frames: toward a unified model},
   Journal = {Rev. Geohys.},
   Volume = {46},
   Pages = {RG3004, doi:10.1029/2007RG000227},
   Year = {2008} }



@article{
torsvik02,
   Author = {Torsvik, T. H. and van der Voo, R.},
   Title = {Refining Gondwana and Pangea paleogeography: estimates of Phanerozoic nondipole (octupole) fields},
   Journal = {Geophys. J. Int.},
   Volume = {151},
   Pages = {771-794},
   Year = {2002} }



@article{
tsunakawa94,
   Author = {Tsunakawa, H. and Shaw, J.},
   Title = {The Shaw method of paleointensithy determinations and its application to recent volcanic rocks},
   Journal = {Geophys. J. Int.},
   Volume = {118},
   Pages = {781-787},
   Year = {1994} }



@article{
valet00,
   Author = {Valet, J.-P. and Herrero-Bervera, E.},
   Title = {Paleointensity experiments using alternating field demagnetization},
   Journal = {Earth Planet. Sci. Lett.},
   Volume = {177},
   Pages = {43-58},
   Year = {2000} }



@article{
valet96,
   Author = {Valet, J. P. and Brassart, J. and Lemeur, I. and Soler, V. and Quidelleur, X. and Tric, E. and Gillot, P. Y.},
   Title = {Absolute paleointensity and magnetomineralogical changes},
   Journal = {J Geophys Res},
   Volume = {101},
   Number = {B11},
   Pages = {25029-25044},
   Year = {1996} }



@article{
valet98,
   Author = {Valet, J. P. and Tric, E. and Herrero-Bervera, E. and Meynadier, L. and Lockwood, J. P.},
   Title = {Absolute paleointensity from Hawaiian lavas younger than 35 ka},
   Journal = {Phys. Earth Planet. Int.},
   Volume = {161},
   Pages = {19-32},
   Year = {1998} }



@article{
voo81,
   Author = {van der Voo, R.},
   Title = {Paleomagnetism of North America-a brief review},
   Journal = {Paleoreconstruction of the Continents, Geodynamic Series Amer. Geophys.},
   Volume = {2},
   Pages = {159-176},
   Year = {1981} }



@article{
voo90,
   Author = {van der Voo, R.},
   Title = {Phanerozoic paleomagnetic poles from Europe and North-America and comparisons with continental reconstructions},
   Journal = {Rev. Geophys.},
   Volume = {28},
   Pages = {167--206},
   Year = {1990} }



@article{
voo92,
   Author = {van der Voo, R.},
   Title = {Jurassic paleopole controversy: contributions from the Atlantic-bordering
continents},
   Journal = {Geology},
   Volume = {20},
   Pages = {975--978},
   Year = {1992} }



@book{
voo93,
   Author = {van der Voo, R.},
   Title = {Paleomagnetism of the Atlantic, Tethys and Iapetus Oceans},
   Publisher = {Cambridge University Press},
   Address = {Cambridge},
   Year = {1993} }



@article{
voo74,
   Author = {van der Voo, R. and French, R.B.},
   Title = {Apparent polar wandering for the Atlantic-bordering continents: Late
Carboniferan to Eocene},
   Journal = {Earth-Science Reviews},
   Volume = {10},
   Pages = {99-119},
   Year = {1974} }



@article{
voo01,
   Author = {van der Voo, R. and Torsvik, T. H.},
   Title = {Evidence for late Paleozoic and Mesozoic non-dipole fields provides an explanation for the Pangea reconstruction problems},
   Journal = {Earth Planet. Sci. Lett.},
   Volume = {187},
   Pages = {71-81, doi:10.1016/S0012-821X(01)00285-0},
   Year = {2001} }



@article{
vandongen67,
   Author = {Van Dongen, P.G. and van der Voo, R. and Raven, T.},
   Title = {Paleomagnetic research in the Central Lebanon Mountains and the Tartous Area (Syria)},
   Journal = {Tectonophysics},
   Volume = {4},
   Pages = {35-53},
   Year = {1967} }



@article{
vanfossen90,
   Author = {Van Fossen, M. C.  and Kent, D. V. },
   Title = {High-latitude paleomagnetic poles from Middle Jurassic plutons and Moat volcanics in New England and the controversy regarding Jurassic {APW} for
North America},
   Journal = {J. Geophys. Res.},
   Volume = {95},
   Pages = {17503--17516},
   Year = {1990} }



@article{
vanfossen92,
   Author = {Van Fossen, M. C. and Kent, D.V.},
   Title = {Reply to Comment on ``High-latitude paleomagnetic poles from Middle Jurassic plutons and Moat volcanics in New England and the controversy regarding Jurassic {APW} for North America'' by Butler et al., 1992.},
   Journal = {J. Geophys. Res.},
   Volume = {97},
   Pages = {1803--1805},
   Year = {1992} }



@article{
vanfossen93,
   Author = {Van Fossen, M.C. and Kent, D. V.},
   Title = {A paleomagnetic study of 143 Ma kimberlite dikes in central New York State},
   Journal = {Geophys. J. Int.},
   Volume = {113},
   Pages = {175-185},
   Year = {1993} }



@article{
vanhinte76,
   Author = {van Hinte, J.E.},
   Title = {A Cretaceous time scale},
   Journal = {Am. Assoc. Petroleum Geologists Bull.},
   Volume = {60},
   Pages = {498-516},
   Year = {1976} }



@article{
vanvreumingen93a,
   Author = {van Vreumingen, M.J.},
   Title = {The magnetizaiton intensity of some artificial suspensions while flocculating in a magnetic field},
   Journal = {Geophys J Int},
   Volume = {114},
   Pages = {601-606},
   Year = {1993} }



@article{
vanvreumingen93b,
   Author = {van Vreumingen, M.J.},
   Title = {The influence of salinity and flocculation upon the acquisition of remanent magnetization in some artificial sediments},
   Journal = {Geophys J Int},
   Volume = {114},
   Pages = {607-614},
   Year = {1993} }



@article{
vanzijl62,
   Author = {van Zijl, J.S.U.  and Graham, K.W.T.  and Hales, A. L. },
   Title = {The paleomagnetism of the Stormberg Lavas, 2. The behavior of the Earth's magnetic field during a reversal},
   Journal = {Geophys. J. R. astr. Soc.},
   Volume = {7},
   Pages = {169-182},
   Year = {1962} }



@article{
vandamme94,
   Author = {Vandamme, D.},
   Title = {A new method to determine paleosecular variation},
   Journal = {Phys. Earth Planet. Int.},
   Volume = {85},
   Pages = {131-142},
   Year = {1994} }



@article{
vandamme92,
   Author = {Vandamme, D. and Courtillot, V.},
   Title = {Paleomagnetic constraints on the structure of the Deccan traps},
   Journal = {Phys. Earth Planet. Inter.},
   Volume = {74},
   Pages = {241-261},
   Year = {1992} }



@article{
vandamme91,
   Author = {Vandamme, D. and Courtillot, V. and Besse, J. and Montigny, R.},
   Title = {Paleomagnetism and age determination of the Deccan traps (India): results of the Napur-bombay traverse and review of earlier work},
   Journal = {Rev. Geohys.},
   Volume = {29},
   Pages = {159-190},
   Year = {1991} }



@article{
vandenberg76,
   Author = {Vandenberg, J. and Wonders, A. A. H.},
   Title = {Paleomagnetic evidence of large fault displacement around the Po-basin},
   Journal = {Tectonophysics},
   Volume = {33},
   Pages = {301-320},
   Year = {1976} }



@article{
vaughn05,
   Author = {Vaughn, J. and Kodama, K. P. and Smith, D.P.},
   Title = {Correction of inclination shallowing and its tectonic implications: The Cretaceous Perforada Formation, Baja California},
   Journal = {Earth Planet. Sci. Lett.},
   Volume = {232},
   Pages = {72-82},
   Year = {2005} }



@article{
verosub77,
   Author = {Verosub, K. L.},
   Title = {Depositional and postdepositional processes in the magnetization of sediments},
   Journal = {Rev. Geophys. Space Phys.},
   Volume = {15},
   Pages = {129--143},
   Year = {1977} }



@article{
verosub95,
   Author = {Verosub, K. L. and Roberts, A. P.},
   Title = {Environmental magnetism: Past, present, and future},
   Journal = {Jour. Geophys. Res.},
   Volume = {100},
   Pages = {2175--2192},
   Year = {1995} }



@article{
vine63,
   Author = {Vine, F. J. and Matthews, D. H.},
   Title = {Magnetic anomalies over oceanic ridges},
   Journal = {Nature},
   Volume = {199},
   Pages = {947-949},
   Year = {1963} }



@article{
wagner00,
   Author = {Wagner, G. and Beer, J. and Laj, C. and Kissel, C. and Masarik, J. and Muscheler, R. and Synal, H.-A.},
   Title = {Chlorine-36 evidence for the Mono Lake event in the Summit GRIP ice core},
   Journal = {Earth Planet. Sci. Lett.},
   Volume = {181},
   Pages = {1-6},
   Year = {2000} }



@article{
wagner00b,
   Author = {Wagner, G. and Masarik, J. and Beer, J. and Baumgartner, S. and Imboden, D. and Kubik, P.W. and Synal, H.-A. and Suter, M.},
   Title = {Reconstruction of the geomagnetic field between 20 and 60 kyr BP from cosmogenic radionuclides in the GRIP ice core },
   Journal = {Nuclear Instruments and Methods in Physics Research Section B- Beam Interactions with Materials and Atoms},
   Volume = {172},
   Pages = {587-604},
   Year = {2000b} }



@article{
walton04,
   Author = {Walton, D.},
   Title = {Avoiding mineral alteration during microwave magnetization},
   Journal = {Geophys. Res. Lett.},
   Volume = {31},
   Pages = {L03606, doi:10.1029/2003GL019011},
   Year = {2004} }



@article{
walton05,
   Author = {Walton, D.},
   Title = {Isolating viscous overprints with microwaves},
   Journal = {EOS Trans. AGU, Fall Meet. Suppl.},
   Volume = {86},
   Pages = {GP12A-05},
   Year = {2005} }



@article{
walton93,
   Author = {Walton, D. and Share, J. and Rolph, T. C. and Shaw, J.},
   Title = {Microwave Magnetisation},
   Journal = {Geophys. Res. Lett.},
   Volume = {20},
   Pages = {109-111},
   Year = {1993} }



@article{
wang48,
   Author = {Wang, C.T.},
   Title = {Discovery and application of magnetic phenomena in China. 1. The lodestone spoon of the Han.},
   Journal = {Chinese J. Arch.},
   Volume = {3},
   Pages = {119},
   Year = {1948} }



@article{
watson56,
   Author = {Watson, G. S.},
   Title = {A test for randomness of directions},
   Journal = {Mon. Not. Roy. Astron. Soc. Geophys. Supp},
   Volume = {7},
   Pages = {160-161},
   Year = {1956} }



@article{
watson56b,
   Author = {Watson, G. S.},
   Title = {Analysis of dispersion on a sphere},
   Journal = {Mon. Not. R. Astr. Soc., Geophys. Suppl.},
   Volume = {7},
   Pages = {153-159},
   Year = {1956} }



@article{
watson83,
   Author = {Watson, G.S.},
   Title = {Large sample theory of the Langevin distributions},
   Journal = {J. Stat. Plann. Inference},
   Volume = {8},
   Pages = {245-256},
   Year = {1983} }



@book{
wegener15,
   Author = {Wegener, A.},
   Title = {Die Entstehung der Kontinente},
   Year = {1915} }



@book{
widom02,
   Author = {Widom, B.},
   Title = {Statistical Mechanics: A Concise Introduction for Chemists},
   Publisher = {Cambridge University Press},
   Address = {Cambridge},
   Year = {2002} }



@article{
williams95,
   Author = {Williams, W. and Dunlop, D.J.},
   Title = {Simulation of magnetic hysteresis in pseudo-single-domain grains of magnetite},
   Journal = {J. Geophys. Res.},
   Volume = {100},
   Pages = {3859-3871},
   Year = {1995} }



@book{
winterwerp04,
   Author = {Winterwerp, J.C. and van Kesteren, W.G.M.},
   Title = {Introduction to the Physcis of Cohesive Sediment in the Marine Environment},
   Publisher = {Elsevier},
   Volume = {56},
   Series = {Developments in Sedimentology},
   Year = {2004} }



@article{
wohlfarth58,
   Author = {Wohlfarth, E. P.},
   Title = {Relations between different modes of acquisition of the remanent magnetisation of ferromagnetic particles},
   Journal = {J. App. Phys.},
   Volume = {29},
   Pages = {595--596},
   Year = {1958} }



@article{
woodcock77,
   Author = {Woodcock, N. H.},
   Title = {Specification of fabric shapes using an eigenvalue method},
   Journal = {Geol. Soc. Amer. Bull.},
   Volume = {88},
   Pages = {1231--1236},
   Year = {1977} }



@article{
worm93,
   Author = {Worm, H. U. and Clark, D. and Dekkers, M. J.},
   Title = {Magnetic susceptibility of pyrrhotite: grain size, field and frequency
dependence},
   Journal = {Geophys. J. Int.},
   Volume = {114},
   Pages = {127-137},
   Year = {1993} }



@article{
yamamoto05,
   Author = {Yamamoto, Y. and Tsunakawa, H.},
   Title = {Geomagnetic field intensity during the last 5 Myr: LTD-DHT Shaw palaeointensities from volcanic rocks of the Society Islands, French Polynesia},
   Journal = {Geophys. J. Int.},
   Volume = {162},
   Number = {1},
   Pages = {79-114},
   Year = {2005} }



@article{
yamamoto03,
   Author = {Yamamoto, Y. and Tsunakawa, H. and Shibuya, H.},
   Title = {Palaeointensity study of the Hawaiian 1960 lava: implications for possible causes of erroneously high intensities},
   Journal = {Geophys J Int},
   Volume = {153},
   Number = {1},
   Pages = {263-276},
   Year = {2003} }



@article{
yamazaki97,
   Author = {Yamazaki, T. and Ioka, N.},
   Title = {Environmental rock-magnetism of pelagic clay: Implications for Asian eolian input to the North Pacific since the Pliocene},
   Journal = {Paleoceanography},
   Volume = {12},
   Pages = {111-124},
   Year = {1997} }



@article{
york66,
   Author = {York, D.},
   Title = {Least-squares fitting of a straight line},
   Journal = {Can. Jour. Phys.},
   Volume = {44},
   Pages = {1079-1086},
   Year = {1966} }



@article{
yu05b,
   Author = {Yu, Y. and Tauxe, L.},
   Title = {On the use of magnetic transient hysteresis in paleomagnetism for granulometry},
   Journal = {Geochem., Geophys., Geosyst.},
   Volume = {6},
   Pages = {Q01H14; doi: 10.1029/2004GC000839},
   Year = {2005} }



@article{
yu05,
   Author = {Yu, Y. and Tauxe, L.},
   Title = {Testing the IZZI protocol of geomagnetic field intensity determination},
   Journal = {Geochem., Geophys., Geosyst.},
   Volume = {in press},
   Year = {2005} }



@article{
yu04,
   Author = {Yu, Y. and Tauxe, L. and Genevey, A.},
   Title = {Toward an optimal geomagnetic field intensity determination technique},
   Journal = {Geochem. Geophys. Geosyst.},
   Volume = {5},
   Number = {2},
   Pages = {Q02H07, doi:10.1029/2003GC000630},
   Year = {2004} }



@article{
yukutake67,
   Author = {Yukutake, T.},
   Title = {The westward drift of the Earth's magnetic field in historic times},
   Journal = {J. Geomag. Geoelectr.},
   Volume = {19},
   Pages = {103-116},
   Year = {1967} }



@incollection{
zijderveld67,
   Author = {Zijderveld, J. D. A.},
   Title = {A.C. demagnetization of rocks: analysis of results},
   BookTitle = {Methods in Paleomagnetism},
   Editor = {Collinson, D.W. and Creer, K.M. and Runcorn, S.K.},
   Publisher = {Elsevier},
   Address = {Amsterdam},
   Pages = {254-286},
   Year = {1967} }



@article{
zimmerman06,
   Author = {Zimmerman, S.H. and Hemming, S.R. and Kent, D.V. and Searle, S.Y.},
   Title = {Revised chronology for late Pleistocene Mono Lake sediments based on paleointensity correlation to the global reference curve},
   Journal = {Earth Planet. Sci. Lett.},
   Volume = {252},
   Pages = {94-106},
   Year = {2006} }



